<?xml version="1.0" encoding="UTF-8"?>
<?xml-stylesheet type="text/xsl" href="https://www.revistas.usp.br/lib/pkp/xml/oai2.xsl" ?>
<OAI-PMH xmlns="http://www.openarchives.org/OAI/2.0/" xmlns:xsi="http://www.w3.org/2001/XMLSchema-instance" xsi:schemaLocation="http://www.openarchives.org/OAI/2.0/ http://www.openarchives.org/OAI/2.0/OAI-PMH.xsd">
<responseDate>2023-08-07T14:50:15Z</responseDate>
<request verb="ListRecords" metadataPrefix="marcxml" set="actafisiatrica">https://www.revistas.usp.br/actafisiatrica/oai</request>
<ListRecords>
<record>
<header>
<identifier>oai:revistas.usp.br:article/103782</identifier>
<datestamp>2019-10-15T18:26:06Z</datestamp>
<setSpec>actafisiatrica:Art.+Orig.</setSpec>
<setSpec>driver</setSpec>
</header>
<metadata>
<record xmlns="http://www.loc.gov/MARC21/slim" xmlns:xsi="http://www.w3.org/2001/XMLSchema-instance" xsi:schemaLocation="http://www.loc.gov/MARC21/slim http://www.loc.gov/standards/marcxml/schema/MARC21slim.xsd">
<leader>     nmb a2200000Iu 4500</leader>
<controlfield tag="008">"130909 2013                        eng  "</controlfield>
<datafield tag="022" ind1="#" ind2="#">
<subfield code="$a">2317-0190</subfield>
</datafield>
<datafield tag="022" ind1="#" ind2="#">
<subfield code="$a">0104-7795</subfield>
</datafield>
<datafield tag="042" ind1=" " ind2=" ">
<subfield code="a">dc</subfield>
</datafield>
<datafield tag="245" ind1="0" ind2="0">
<subfield code="a">Efeitos da imersão em gelo na força de preensão palmar em adultos jovens</subfield>
</datafield>  <datafield tag="720" ind1="1" ind2=" ">
<subfield code="a">Barbosa, Luana</subfield>
<subfield code="u">Universidade Católica de Brasília</subfield></datafield>
<datafield tag="720" ind1="1" ind2=" ">
<subfield code="a">Gomes, Érika Baptista</subfield>
<subfield code="u">Universidade Católica de Brasília</subfield></datafield>
<datafield tag="720" ind1="1" ind2=" ">
<subfield code="a">Carvalho, Gustavo de Azevedo</subfield>
<subfield code="u">Universidade Católica de Brasília</subfield></datafield>
<datafield tag="720" ind1="1" ind2=" ">
<subfield code="a">Pinheiro, Hudson Azevedo</subfield>
<subfield code="u">Centro Universitário Euro Americano de Brasília</subfield></datafield>
<datafield tag="520" ind1=" " ind2=" ">
<subfield code="a"> Objetivo: Avaliar os efeitos da imersão em gelo por 30 segundos na força de preensão palmar (FPP) em acadêmicos do curso de fisioterapia. Método: Foi realizado um estudo transversal e a amostra foi por conveniência realizada com 30 sujeitos adultos, sendo 15 homens e 15 mulheres, onde foi avaliada a FPP por meio de um dinamômetro em três momentos distintos: pré-imersão, imediatamente após a imersão e uma hora após a imersão em gelo. A imersão foi feita em um balde com capacidade de 30 litros, com temperatura controlada de até 5o C, sendo o membro superior imerso até a linha interarticular de cotovelo por 20 segundos. Resultados: Observou-se alterações altamente significativas entre a pré imersão e imediatamente após a imersão em gelo em ambos os grupos, masculino e feminino (p &lt; 0,01) e, mesmo após uma hora, ainda observou-se diferenças significativas na FPP. Conclusão: A imersão em gelo durante 30 segundos a uma temperatura de até 5o C diminuiu de forma significativa a FPP. </subfield>
</datafield>
<datafield tag="260" ind1=" " ind2=" ">
<subfield code="b">Faculdade de Medicina, Universidade de São Paulo</subfield>
</datafield>
<dataField tag="260" ind1=" " ind2=" ">
<subfield code="c">2013-09-09 00:00:00</subfield>
</dataField>   <datafield tag="856" ind1=" " ind2=" ">
<subfield code="q">application/pdf</subfield>
</datafield>
<datafield tag="856" ind1="4" ind2="0">
<subfield code="u">https://www.revistas.usp.br/actafisiatrica/article/view/103782</subfield>
</datafield>  <datafield tag="786" ind1="0" ind2=" ">
<subfield code="n">Acta Fisiátrica; v. 20 n. 3 (2013)</subfield>
</datafield>  <datafield tag="546" ind1=" " ind2=" ">
<subfield code="a">por</subfield>
</datafield>   <datafield tag="540" ind1=" " ind2=" ">
<subfield code="a">Copyright (c) 2013 Acta Fisiátrica</subfield>
</datafield>
</record>
</metadata>
</record>