
<record>
<header>
<identifier>oai:revistas.usp.br:article/103783</identifier>
<datestamp>2019-10-15T19:06:22Z</datestamp>
<setSpec>actafisiatrica:Art.+Rev.</setSpec>
<setSpec>driver</setSpec>
</header>
<metadata>
<record xmlns="http://www.loc.gov/MARC21/slim" xmlns:xsi="http://www.w3.org/2001/XMLSchema-instance" xsi:schemaLocation="http://www.loc.gov/MARC21/slim http://www.loc.gov/standards/marcxml/schema/MARC21slim.xsd">
<leader>     nmb a2200000Iu 4500</leader>
<controlfield tag="008">"130909 2013                        eng  "</controlfield>
<datafield tag="022" ind1="#" ind2="#">
<subfield code="$a">2317-0190</subfield>
</datafield>
<datafield tag="022" ind1="#" ind2="#">
<subfield code="$a">0104-7795</subfield>
</datafield>
<datafield tag="042" ind1=" " ind2=" ">
<subfield code="a">dc</subfield>
</datafield>
<datafield tag="245" ind1="0" ind2="0">
<subfield code="a">Benefícios da marcha com assistência robótica na lesão medular: uma revisão sistemática</subfield>
</datafield>  <datafield tag="720" ind1="1" ind2=" ">
<subfield code="a">Souza, Francine Bertolais do Valle</subfield>
<subfield code="u">Universidade de São Paulo. Faculdade de Medicina</subfield></datafield>
<datafield tag="720" ind1="1" ind2=" ">
<subfield code="a">Castro, Pedro Cláudio Gonsales de</subfield>
<subfield code="u">Universidade de São Paulo. Faculdade de Medicina</subfield></datafield>
<datafield tag="720" ind1="1" ind2=" ">
<subfield code="a">Ayres, Denise Vianna Machado</subfield>
<subfield code="u">Universidade de São Paulo. Faculdade de Medicina</subfield></datafield>
<datafield tag="720" ind1="1" ind2=" ">
<subfield code="a">Moreira, Maria Cecilia dos Santos</subfield>
<subfield code="u">Universidade de São Paulo. Faculdade de Medicina</subfield></datafield>
<datafield tag="720" ind1="1" ind2=" ">
<subfield code="a">Battistella, Linamara Rizzo</subfield>
<subfield code="u">Universidade de São Paulo. Faculdade de Medicina</subfield><subfield code="0">https://orcid.org/0000-0001-5275-0733</subfield></datafield>
<datafield tag="520" ind1=" " ind2=" ">
<subfield code="a"> Objetivo: Avaliar a qualidade atual de evidências quanto à eficácia da marcha robótica com suspensão de peso corporal em indivíduos com lesão medular, com ênfase no desempenho da marcha. Método: O levantamento bibliográfico foi realizado nas bases PubMed, LILACS e EMBASE referentes às publicações de ensaios clínicos dos últimos doze anos (2000-2012), utilizando-se a relação entre as palavras chave Spinal cord injury AND ( gait OR walking OR deambulation) reahbilitation AND robotic AND ( lokomat OR ReoAmbulator OR Formador Gait). Resultados: Dos oito estudos selecionados, apenas um não observou melhora no padrão de desempenho da marcha. Dos estudos que encontraram melhora, 6 encontraram melhora estatisticamente significativa e um não encontraram nenhuma diferença significativa, apesar de uma tendência de melhora ter sido observada. As conclusões destes estudos foram obtidas por meio de ferramentas de avaliação como o teste de caminhada de 6 minutos e de 10 metros, MIF (medida de independência funcional, WISCI II (Índice de caminhada de Lesão Medular), entre outros. Alguns estudos apontam uma diminuição na necessidade de órteses e dispositivos auxiliares nesse grupo. Quanto à qualidade metodológica, seis artigos apresentaram escores inferiores a 3 pontos e apenas um artigo teve a pontuação máxima de 5 na escala JADAD (baixa qualidade pontuação inferior a 3) Implicação/Impacto na reabilitação. Conclusão: Apesar da pequena quantidade de artigos encontrados, baixa qualidade metodológica e o fato desta ser uma intervenção nova e de alto custo, os resultados são significativos quando comparados com a terapia física convencional e outras técnicas bem estabelecidas na fisioterapia. </subfield>
</datafield>
<datafield tag="260" ind1=" " ind2=" ">
<subfield code="b">Faculdade de Medicina, Universidade de São Paulo</subfield>
</datafield>
<dataField tag="260" ind1=" " ind2=" ">
<subfield code="c">2013-09-09 00:00:00</subfield>
</dataField>   <datafield tag="856" ind1=" " ind2=" ">
<subfield code="q">application/pdf</subfield>
</datafield>
<datafield tag="856" ind1="4" ind2="0">
<subfield code="u">https://www.revistas.usp.br/actafisiatrica/article/view/103783</subfield>
</datafield>  <datafield tag="786" ind1="0" ind2=" ">
<subfield code="n">Acta Fisiátrica; v. 20 n. 3 (2013)</subfield>
</datafield>  <datafield tag="546" ind1=" " ind2=" ">
<subfield code="a">por</subfield>
</datafield>   <datafield tag="540" ind1=" " ind2=" ">
<subfield code="a">Copyright (c) 2013 Acta Fisiátrica</subfield>
</datafield>
</record>
</metadata>
</record>