
<record>
<header>
<identifier>oai:revistas.usp.br:article/103784</identifier>
<datestamp>2019-10-15T19:21:01Z</datestamp>
<setSpec>actafisiatrica:Art.+Rev.</setSpec>
<setSpec>driver</setSpec>
</header>
<metadata>
<record xmlns="http://www.loc.gov/MARC21/slim" xmlns:xsi="http://www.w3.org/2001/XMLSchema-instance" xsi:schemaLocation="http://www.loc.gov/MARC21/slim http://www.loc.gov/standards/marcxml/schema/MARC21slim.xsd">
<leader>     nmb a2200000Iu 4500</leader>
<controlfield tag="008">"130909 2013                        eng  "</controlfield>
<datafield tag="022" ind1="#" ind2="#">
<subfield code="$a">2317-0190</subfield>
</datafield>
<datafield tag="022" ind1="#" ind2="#">
<subfield code="$a">0104-7795</subfield>
</datafield>
<datafield tag="042" ind1=" " ind2=" ">
<subfield code="a">dc</subfield>
</datafield>
<datafield tag="245" ind1="0" ind2="0">
<subfield code="a">Toxina Botulínica Tipo A para o tratamento da sialorréia: revisão sistemática</subfield>
</datafield>  <datafield tag="720" ind1="1" ind2=" ">
<subfield code="a">Sposito, Maria Matilde de Mello</subfield>
<subfield code="u">Instituto de Reabilitação Lucy Montoro</subfield></datafield>
<datafield tag="720" ind1="1" ind2=" ">
<subfield code="a">Teixeira, Stephanie Alderete Feres</subfield>
<subfield code="u">Faculdade de Ciência de Guarulhos</subfield></datafield>
<datafield tag="520" ind1=" " ind2=" ">
<subfield code="a"> Objetivo: Sistematizar as evidências científicas sobre a eficácia da toxina botulínica tipo A no tratamento da sialorréia. Método: A busca bibliográfica foi realizada através de uma pesquisa nas bases de dados PubMed Central Journals e Allergan Product Literature - botulinum toxin (APL) compreendendo o período dos últimos 10 anos, com os descritores: “sialorrhea”, “botulinum toxin”, “treatment”, “hypersalivation”, “drooling”. A qualidade metodológica dos estudos foi avaliada pela Escala de Jadad. Resulados: Foram selecionados quatro estudos do tipo ensaio clínico randomizado duplo-cego. Os estudos selecionados mostram que as aplicações de toxina botulínica podem diminuir a sialorréia e suas consequências de forma satisfatória no que diz respeito à eficácia, além de não provocar efeitos adversos importantes. Assim, o tratamento com toxina botulínica tipo A pode apresentar-se como uma opção terapêutica possível para pacientes com sialorréia. Conclusão: Há necessidade de maior número de estudos, que sigam critérios de qualidade, para se chegar a uma conclusão definitiva quanto a eficácia e segurança deste procedimento em pacientes com sialorréia. </subfield>
</datafield>
<datafield tag="260" ind1=" " ind2=" ">
<subfield code="b">Faculdade de Medicina, Universidade de São Paulo</subfield>
</datafield>
<dataField tag="260" ind1=" " ind2=" ">
<subfield code="c">2013-09-09 00:00:00</subfield>
</dataField>   <datafield tag="856" ind1=" " ind2=" ">
<subfield code="q">application/pdf</subfield>
</datafield>
<datafield tag="856" ind1="4" ind2="0">
<subfield code="u">https://www.revistas.usp.br/actafisiatrica/article/view/103784</subfield>
</datafield>  <datafield tag="786" ind1="0" ind2=" ">
<subfield code="n">Acta Fisiátrica; v. 20 n. 3 (2013)</subfield>
</datafield>  <datafield tag="546" ind1=" " ind2=" ">
<subfield code="a">por</subfield>
</datafield>   <datafield tag="540" ind1=" " ind2=" ">
<subfield code="a">Copyright (c) 2013 Acta Fisiátrica</subfield>
</datafield>
</record>
</metadata>
</record>