
<record>
<header>
<identifier>oai:revistas.usp.br:article/103786</identifier>
<datestamp>2019-10-15T19:26:36Z</datestamp>
<setSpec>actafisiatrica:Art.+Rev.</setSpec>
<setSpec>driver</setSpec>
</header>
<metadata>
<record xmlns="http://www.loc.gov/MARC21/slim" xmlns:xsi="http://www.w3.org/2001/XMLSchema-instance" xsi:schemaLocation="http://www.loc.gov/MARC21/slim http://www.loc.gov/standards/marcxml/schema/MARC21slim.xsd">
<leader>     nmb a2200000Iu 4500</leader>
<controlfield tag="008">"130909 2013                        eng  "</controlfield>
<datafield tag="022" ind1="#" ind2="#">
<subfield code="$a">2317-0190</subfield>
</datafield>
<datafield tag="022" ind1="#" ind2="#">
<subfield code="$a">0104-7795</subfield>
</datafield>
<datafield tag="042" ind1=" " ind2=" ">
<subfield code="a">dc</subfield>
</datafield>
<datafield tag="245" ind1="0" ind2="0">
<subfield code="a">Suplementação de creatina como potencial agente terapêutico na reabilitação da doença arterial obstrutiva periférica</subfield>
</datafield>  <datafield tag="720" ind1="1" ind2=" ">
<subfield code="a">Câmara, Lucas Caseri</subfield>
</datafield>
<datafield tag="720" ind1="1" ind2=" ">
<subfield code="a">Suzigan, Erika Magalhães</subfield>
</datafield>
<datafield tag="720" ind1="1" ind2=" ">
<subfield code="a">Starling, Marcelo Andrade</subfield>
</datafield>
<datafield tag="520" ind1=" " ind2=" ">
<subfield code="a"> Creatine (Cr) Supplementation has been efficient and safely used as a therapeutic aid in many health and sickness conditions including muscle weakness, atrophy and metabolic disturbances. In Peripheral arterial obstructive disease (PAOD), chronic ischemia leads to muscle fiber atrophy and denervation, negative muscle metabolism alterations, thus reducing strength and endurance, impairing general physical fitness. Adding the studied benefits of Cr supplementation and the clinical frame of PAOD, it presents Cr Supplementation as a potential therapeutic aid to be considered. Objective: To make a systematic review in scientific literature, searching for studies involving Cr supplementation in PAOD individuals. Method: A search for Portuguese and English written articles, published over the last ten years, including terms related to PAOD and Cr supplementation, was conducted on PubMed SciELO, and LILACS. Results: Only one study evaluated the influence of Cr supplementation in the desired sample (PAOD), describing positive effects in walking distance and blood properties. Due to lack of scientific data, the use Cr supplementation in PAOD population, including metabolic, functional and structural considerations was discussed. Conclusion: Despite the presented discussion for using Cr supplementation in PAOD as a potential therapeutic aid, only one previous study could verify its benefits. Therefore, it still has a gap in scientific literature, leaving several possibilities for future studies researching for possible benefits to counteract the loss of functional fitness and impairments in musculoskeletal structure and metabolism of diseased individuals. </subfield>
</datafield>
<datafield tag="260" ind1=" " ind2=" ">
<subfield code="b">Faculdade de Medicina, Universidade de São Paulo</subfield>
</datafield>
<dataField tag="260" ind1=" " ind2=" ">
<subfield code="c">2013-09-09 00:00:00</subfield>
</dataField>   <datafield tag="856" ind1=" " ind2=" ">
<subfield code="q">application/pdf</subfield>
</datafield>
<datafield tag="856" ind1="4" ind2="0">
<subfield code="u">https://www.revistas.usp.br/actafisiatrica/article/view/103786</subfield>
</datafield>  <datafield tag="786" ind1="0" ind2=" ">
<subfield code="n">Acta Fisiátrica; v. 20 n. 3 (2013)</subfield>
</datafield>  <datafield tag="546" ind1=" " ind2=" ">
<subfield code="a">eng</subfield>
</datafield>   <datafield tag="540" ind1=" " ind2=" ">
<subfield code="a">Copyright (c) 2013 Acta Fisiátrica</subfield>
</datafield>
</record>
</metadata>
</record>