
<record>
<header>
<identifier>oai:revistas.usp.br:article/103787</identifier>
<datestamp>2019-10-15T19:37:35Z</datestamp>
<setSpec>actafisiatrica:Art.+Rev.</setSpec>
<setSpec>driver</setSpec>
</header>
<metadata>
<record xmlns="http://www.loc.gov/MARC21/slim" xmlns:xsi="http://www.w3.org/2001/XMLSchema-instance" xsi:schemaLocation="http://www.loc.gov/MARC21/slim http://www.loc.gov/standards/marcxml/schema/MARC21slim.xsd">
<leader>     nmb a2200000Iu 4500</leader>
<controlfield tag="008">"130909 2013                        eng  "</controlfield>
<datafield tag="022" ind1="#" ind2="#">
<subfield code="$a">2317-0190</subfield>
</datafield>
<datafield tag="022" ind1="#" ind2="#">
<subfield code="$a">0104-7795</subfield>
</datafield>
<datafield tag="042" ind1=" " ind2=" ">
<subfield code="a">dc</subfield>
</datafield>
<datafield tag="245" ind1="0" ind2="0">
<subfield code="a">Efetividade e segurança do ultrassom terapêutico nas afecções musculoesqueléticas: overview de revisões sistemáticas Cochrane</subfield>
</datafield>  <datafield tag="720" ind1="1" ind2=" ">
<subfield code="a">Leite, Ana Paula Bezerra</subfield>
</datafield>
<datafield tag="720" ind1="1" ind2=" ">
<subfield code="a">Pontin, José Carlos Baldocchi</subfield>
<subfield code="u">Universidade Federal de São Paulo</subfield><subfield code="0">https://orcid.org/0000-0002-3767-3159</subfield></datafield>
<datafield tag="720" ind1="1" ind2=" ">
<subfield code="a">Martimbianco, Ana Luiza Cabrera</subfield>
<subfield code="u">Universidade Federal de São Paulo</subfield></datafield>
<datafield tag="720" ind1="1" ind2=" ">
<subfield code="a">Lahoz, Gisele Landim</subfield>
<subfield code="u">Universidade Federal de São Paulo</subfield></datafield>
<datafield tag="720" ind1="1" ind2=" ">
<subfield code="a">Chamlian, Therezinha Rosane</subfield>
<subfield code="u">Universidade Federal de São Paulo</subfield></datafield>
<datafield tag="520" ind1=" " ind2=" ">
<subfield code="a"> O Ultrassom terapêutico (UST) é um recurso frequentemente utilizado na prática clinica do fisioterapeuta. Entretanto, não há consenso na literatura em relação à efetividade desse recurso. Objetivo: Os objetivos do presente estudo foram verificar e sintetizar as informações contidas nas revisões sistemáticas Cochrane relacionadas ao tratamento das afecções musculoesqueléticas com o UST. Método: Foi realizada uma busca na base de dados “Cochrane Library” e selecionadas as revisões sistemáticas que abordavam o UST como modalidade de tratamento. Resultados: Foram incluídas seis revisões sistemáticas Cochrane que analisaram a efetividade do UST em diferentes afecções musculoesqueléticas demonstrando redução significativa da dor apenas na osteartrite de joelho; não há relatos de eventos adversos decorrentes do UST em todas as revisões incluídas, sendo considerado um tratamento seguro. Conclusão: Os resultados apresentados nesse estudo devem ser analisados com cautela, pois a baixa qualidade metodológica e a heterogeneidade dos ensaios clínicos randomizados (ECRs) incluídos nas revisões sistemáticas são fatores limitantes para a confiabilidade dos dados apresentados. </subfield>
</datafield>
<datafield tag="260" ind1=" " ind2=" ">
<subfield code="b">Faculdade de Medicina, Universidade de São Paulo</subfield>
</datafield>
<dataField tag="260" ind1=" " ind2=" ">
<subfield code="c">2013-09-09 00:00:00</subfield>
</dataField>   <datafield tag="856" ind1=" " ind2=" ">
<subfield code="q">application/pdf</subfield>
</datafield>
<datafield tag="856" ind1="4" ind2="0">
<subfield code="u">https://www.revistas.usp.br/actafisiatrica/article/view/103787</subfield>
</datafield>  <datafield tag="786" ind1="0" ind2=" ">
<subfield code="n">Acta Fisiátrica; v. 20 n. 3 (2013)</subfield>
</datafield>  <datafield tag="546" ind1=" " ind2=" ">
<subfield code="a">por</subfield>
</datafield>   <datafield tag="540" ind1=" " ind2=" ">
<subfield code="a">Copyright (c) 2013 Acta Fisiátrica</subfield>
</datafield>
</record>
</metadata>
</record>