
<record>
<header>
<identifier>oai:revistas.usp.br:article/103788</identifier>
<datestamp>2019-10-15T19:41:38Z</datestamp>
<setSpec>actafisiatrica:Rel.+Caso</setSpec>
<setSpec>driver</setSpec>
</header>
<metadata>
<record xmlns="http://www.loc.gov/MARC21/slim" xmlns:xsi="http://www.w3.org/2001/XMLSchema-instance" xsi:schemaLocation="http://www.loc.gov/MARC21/slim http://www.loc.gov/standards/marcxml/schema/MARC21slim.xsd">
<leader>     nmb a2200000Iu 4500</leader>
<controlfield tag="008">"130909 2013                        eng  "</controlfield>
<datafield tag="022" ind1="#" ind2="#">
<subfield code="$a">2317-0190</subfield>
</datafield>
<datafield tag="022" ind1="#" ind2="#">
<subfield code="$a">0104-7795</subfield>
</datafield>
<datafield tag="042" ind1=" " ind2=" ">
<subfield code="a">dc</subfield>
</datafield>
<datafield tag="245" ind1="0" ind2="0">
<subfield code="a">Tratamento intensivo do linfedema, pós-tratamento de câncer de mama, em pacientes com lesão neurológica</subfield>
</datafield>  <datafield tag="720" ind1="1" ind2=" ">
<subfield code="a">Godoy, Maria de Fatima Guerreiro</subfield>
<subfield code="0">https://orcid.org/0000-0003-3725-7961</subfield></datafield>
<datafield tag="720" ind1="1" ind2=" ">
<subfield code="a">Libanor, Daniel</subfield>
<subfield code="u">Faculdade de Fisioterapia de Taquaritinga</subfield></datafield>
<datafield tag="720" ind1="1" ind2=" ">
<subfield code="a">Pinto, Renata Lopes</subfield>
<subfield code="u">Faculdade de Medicina de São Jose do Rio Preto - FAMERP</subfield></datafield>
<datafield tag="720" ind1="1" ind2=" ">
<subfield code="a">Godoy, Jose Maria Pereira de</subfield>
<subfield code="u">Faculdade de Medicina de São Jose do Rio Preto - FAMERP</subfield><subfield code="0">https://orcid.org/0000-0001-5424-7787</subfield></datafield>
<datafield tag="520" ind1=" " ind2=" ">
<subfield code="a"> O objetivo do presente estudo é relatar o tratamento intensivo do linfedema, após câncer de mama, em paciente com perda da força muscular do membro. Relata-se o caso de uma paciente de 51 anos de idade, que evoluiu com linfedema pós-tratamento do câncer de mama, com mastectomia + esvaziamento axilar + quimioterapia e radioterapia. Após procurar a Clínica Godoy para tratamento em agosto de 2012, foi avaliada com a bioimpedância e volumetria inicial e diária. Realizou tratamento intensivo durante três dias consecutivos, por um período de 6 horas, com Terapia Linfática Manual, Terapia Linfática Mecânica (RA Godoy®) e uso de braçadeira de gorgorão, sendo feitos ajustes diários. Na avaliação inicial, apresentava dor de intensidade 10 (Escala de Dor), parestesia em todo o braço e uma diferença de volume total do edema de 577g em relação ao membro contra-lateral. No primeiro dia de tratamento obteve redução da parestesia com o uso da braçadeira de gorgorão e Terapia Linfática Mecânica; no segundo dia, a dor havia diminuído para a intensidade sete (Escala de Dor); no terceiro dia, a dor diminuiu para intensidade cinco (Escala de Dor) e a diferença de volume total do edema passou a ser de 193g. A paciente retornou para sua casa mantendo as mesmas recomendações e tratamento propostos na clínica. O acompanhamento é feito com avaliações de rotina e orientações sobre a importância do uso da braçadeira de gorgorão e drenagem linfática mecânica. </subfield>
</datafield>
<datafield tag="260" ind1=" " ind2=" ">
<subfield code="b">Faculdade de Medicina, Universidade de São Paulo</subfield>
</datafield>
<dataField tag="260" ind1=" " ind2=" ">
<subfield code="c">2013-09-09 00:00:00</subfield>
</dataField>   <datafield tag="856" ind1=" " ind2=" ">
<subfield code="q">application/pdf</subfield>
</datafield>
<datafield tag="856" ind1="4" ind2="0">
<subfield code="u">https://www.revistas.usp.br/actafisiatrica/article/view/103788</subfield>
</datafield>  <datafield tag="786" ind1="0" ind2=" ">
<subfield code="n">Acta Fisiátrica; v. 20 n. 3 (2013)</subfield>
</datafield>  <datafield tag="546" ind1=" " ind2=" ">
<subfield code="a">por</subfield>
</datafield>   <datafield tag="540" ind1=" " ind2=" ">
<subfield code="a">Copyright (c) 2013 Acta Fisiátrica</subfield>
</datafield>
</record>
</metadata>
</record>