
<record>
<header>
<identifier>oai:revistas.usp.br:article/103791</identifier>
<datestamp>2019-10-15T19:46:50Z</datestamp>
<setSpec>actafisiatrica:Tend.+Refle.</setSpec>
<setSpec>driver</setSpec>
</header>
<metadata>
<record xmlns="http://www.loc.gov/MARC21/slim" xmlns:xsi="http://www.w3.org/2001/XMLSchema-instance" xsi:schemaLocation="http://www.loc.gov/MARC21/slim http://www.loc.gov/standards/marcxml/schema/MARC21slim.xsd">
<leader>     nmb a2200000Iu 4500</leader>
<controlfield tag="008">"130909 2013                        eng  "</controlfield>
<datafield tag="022" ind1="#" ind2="#">
<subfield code="$a">2317-0190</subfield>
</datafield>
<datafield tag="022" ind1="#" ind2="#">
<subfield code="$a">0104-7795</subfield>
</datafield>
<datafield tag="042" ind1=" " ind2=" ">
<subfield code="a">dc</subfield>
</datafield>
<datafield tag="245" ind1="0" ind2="0">
<subfield code="a">Etapas da elaboração do instrumento de classificação do grau de funcionalidade de pessoas com deficiência para cidadãos brasileiros: Índice de Funcionalidade Brasileiro - IF-Br</subfield>
</datafield>  <datafield tag="720" ind1="1" ind2=" ">
<subfield code="a">Franzoi, Ana Cristina</subfield>
<subfield code="u">Universidade Federal do Rio de Janeiro</subfield></datafield>
<datafield tag="720" ind1="1" ind2=" ">
<subfield code="a">Xerez, Denise Rodrigues</subfield>
<subfield code="u">Universidade Federal do Rio de Janeiro</subfield></datafield>
<datafield tag="720" ind1="1" ind2=" ">
<subfield code="a">Blanco, Maurício</subfield>
<subfield code="u">Instituto de Estudos do Trabalho e Sociedade -IETS</subfield></datafield>
<datafield tag="720" ind1="1" ind2=" ">
<subfield code="a">Amaral, Tatiana</subfield>
<subfield code="u">Instituto de Estudos do Trabalho e Sociedade -IETS</subfield></datafield>
<datafield tag="720" ind1="1" ind2=" ">
<subfield code="a">Costa, Antonio José</subfield>
<subfield code="u">Universidade Federal do Rio de Janeiro</subfield></datafield>
<datafield tag="720" ind1="1" ind2=" ">
<subfield code="a">Khan, Patricia</subfield>
<subfield code="u">Centro Catarinense de Reabilitação</subfield></datafield>
<datafield tag="720" ind1="1" ind2=" ">
<subfield code="a">Maia, Shirley Rodrigues</subfield>
<subfield code="u">Grupo Brasil de Apoio ao Surdocego e ao Múltiplo Deficiente Sensorial</subfield></datafield>
<datafield tag="720" ind1="1" ind2=" ">
<subfield code="a">Magalhães, Carolina</subfield>
<subfield code="u">Universidade Federal do Rio de Janeiro</subfield></datafield>
<datafield tag="720" ind1="1" ind2=" ">
<subfield code="a">Maior, Izabel Loureiro</subfield>
<subfield code="u">Universidade Federal do Rio de Janeiro</subfield></datafield>
<datafield tag="720" ind1="1" ind2=" ">
<subfield code="a">Pelosi, Miryan Bonadiu</subfield>
<subfield code="u">Universidade Federal do Rio de Janeiro</subfield></datafield>
<datafield tag="720" ind1="1" ind2=" ">
<subfield code="a">Santos, Normélia Quinto dos</subfield>
<subfield code="u">Centro Estadual de Prevenção e Reabilitação das Deficiências </subfield></datafield>
<datafield tag="720" ind1="1" ind2=" ">
<subfield code="a">Thedim, Manuel</subfield>
<subfield code="u">Instituto de Estudos do Trabalho e Sociedade -IETS</subfield></datafield>
<datafield tag="720" ind1="1" ind2=" ">
<subfield code="a">Vilela, Lailah Vasconcelos de Oliveira</subfield>
<subfield code="u">Ministério do Trabalho e Emprego</subfield></datafield>
<datafield tag="720" ind1="1" ind2=" ">
<subfield code="a">Riberto, Marcelo</subfield>
<subfield code="u">Universidade de São Paulo. Faculdade de Medicina de Ribeirão Preto </subfield><subfield code="0">https://orcid.org/0000-0001-9549-8830</subfield></datafield>
<datafield tag="520" ind1=" " ind2=" ">
<subfield code="a"> Os sistemas usados no Brasil para definir a incapacidade variam de acordo com o setor. A partir de uma recomendação da Presidência da República, uma força-tarefa interministerial foi organizada em janeiro de 2011 para desenvolver um modelo único de avaliação e classificação da incapacidade a ser usado em todo o país. O grupo de trabalho partiu de uma avaliação ampla de informações biodemográficas das pessoas com deficiência no Brasil obtidas a partir de fontes como o censo populacional, censo escolar, relação anual de informações sociais e pesquisa de informações básicas municipais, bem como grupos focais realizados com representantes de vários estados da federação, diferentes deficiências e faixas etárias. Por meio de reuniões mensais num período de 8 meses, foi escolhido o modelo conceitual da Classificação Internacional de Deficiências, Incapacidades e Saúde como base teórica e partir do qual foram selecionadas as 41 atividades e fatores ambientais que deveriam ser contemplados no em cada uma delas. A pontuação de cada atividade foi definida numa escala de 25 a 100, de acordo com o nível de independência. Ajustes para crianças foram realizados comparando o instrumento ao desenvolvimento esperado para cada faixa etária de acordo com a descrição presente em outros instrumentos. Além da avaliação quantitativa do grau de incapacidade, foi desenvolvida uma avaliação qualitativa seguindo a lógica fuzzy, específica para as deficiências visual, motora, auditiva e intelectual. A definição de notas de corte não foi efetuada e exige estudos futuros. </subfield>
</datafield>
<datafield tag="260" ind1=" " ind2=" ">
<subfield code="b">Faculdade de Medicina, Universidade de São Paulo</subfield>
</datafield>
<dataField tag="260" ind1=" " ind2=" ">
<subfield code="c">2013-09-09 00:00:00</subfield>
</dataField>   <datafield tag="856" ind1=" " ind2=" ">
<subfield code="q">application/pdf</subfield>
</datafield>
<datafield tag="856" ind1="4" ind2="0">
<subfield code="u">https://www.revistas.usp.br/actafisiatrica/article/view/103791</subfield>
</datafield>  <datafield tag="786" ind1="0" ind2=" ">
<subfield code="n">Acta Fisiátrica; v. 20 n. 3 (2013)</subfield>
</datafield>  <datafield tag="546" ind1=" " ind2=" ">
<subfield code="a">por</subfield>
</datafield>   <datafield tag="540" ind1=" " ind2=" ">
<subfield code="a">Copyright (c) 2013 Acta Fisiátrica</subfield>
</datafield>
</record>
</metadata>
</record>