
<record>
<header>
<identifier>oai:revistas.usp.br:article/103806</identifier>
<datestamp>2019-10-15T13:22:41Z</datestamp>
<setSpec>actafisiatrica:Art.+Orig.</setSpec>
<setSpec>driver</setSpec>
</header>
<metadata>
<record xmlns="http://www.loc.gov/MARC21/slim" xmlns:xsi="http://www.w3.org/2001/XMLSchema-instance" xsi:schemaLocation="http://www.loc.gov/MARC21/slim http://www.loc.gov/standards/marcxml/schema/MARC21slim.xsd">
<leader>     nmb a2200000Iu 4500</leader>
<controlfield tag="008">"131209 2013                        eng  "</controlfield>
<datafield tag="022" ind1="#" ind2="#">
<subfield code="$a">2317-0190</subfield>
</datafield>
<datafield tag="022" ind1="#" ind2="#">
<subfield code="$a">0104-7795</subfield>
</datafield>
<datafield tag="042" ind1=" " ind2=" ">
<subfield code="a">dc</subfield>
</datafield>
<datafield tag="245" ind1="0" ind2="0">
<subfield code="a">Retorno ao trabalho de pacientes com amputação traumática de membros inferiores</subfield>
</datafield>  <datafield tag="720" ind1="1" ind2=" ">
<subfield code="a">Macêdo, Márcia Cristina Matos</subfield>
<subfield code="u">Universidade Federal de São Paulo</subfield></datafield>
<datafield tag="720" ind1="1" ind2=" ">
<subfield code="a">Chamlian, Therezinha Rosane</subfield>
<subfield code="u">Universidade Federal de São Paulo</subfield></datafield>
<datafield tag="720" ind1="1" ind2=" ">
<subfield code="a">Leal, Caio Augusto Pereira</subfield>
<subfield code="u">Faculdade Metropolitanas Unidas</subfield></datafield>
<datafield tag="720" ind1="1" ind2=" ">
<subfield code="a">Bonilha, Mariana Matteis Martins</subfield>
<subfield code="u">Universidade Federal de São Paulo</subfield></datafield>
<datafield tag="720" ind1="1" ind2=" ">
<subfield code="a">Rezende, Flávia</subfield>
<subfield code="u">Universidade Federal de São Paulo</subfield></datafield>
<datafield tag="520" ind1=" " ind2=" ">
<subfield code="a"> O paciente com amputação traumática é, em geral, aquele com pouca ou nenhuma comorbidade e está no auge da vida produtiva. Mesmo em condições de reabilitação adequada, diversos autores têm citado dificuldade no processo de retorno à atividade laborativa, e a sua relação com outros determinantes além da aptidão física. Objetivo: Avaliamos o índice de retorno ao trabalho após reabilitação de pacientes atendidos no Lar Escolar São Francisco de Jan/2007 a Dez/2010 com amputação traumática de membros inferiores. Método: Foram pesquisados os fatores sociais e econômicos possivelmente relacionados a esse desfecho. A amostra final foi de 13 pacientes, todos com amputação unilateral, com uso regular da prótese. Dois eram do sexo feminino. Nove (69%) retornaram ao trabalho. Outras seqüelas consideráveis estavam presentes em 23% dos pacientes - lesão de plexo braquial e dor fantasma - e se mostrou o fator isolado mais importante para o não retorno ao trabalho. Resultados: Não encontramos relação importante entre retorno ao trabalho e fatores como recebimento de benefício previdenciário, idade ou amputação por acidente de trabalho. Conclusão: Há dados ainda inconclusivos que justificam a realização de novos estudos sobre a relação independente entre os diversos fatores mencionados e o retorno ao trabalho de pacientes amputados. </subfield>
</datafield>
<datafield tag="260" ind1=" " ind2=" ">
<subfield code="b">Faculdade de Medicina, Universidade de São Paulo</subfield>
</datafield>
<dataField tag="260" ind1=" " ind2=" ">
<subfield code="c">2013-12-09 00:00:00</subfield>
</dataField>   <datafield tag="856" ind1=" " ind2=" ">
<subfield code="q">application/pdf</subfield>
</datafield>
<datafield tag="856" ind1="4" ind2="0">
<subfield code="u">https://www.revistas.usp.br/actafisiatrica/article/view/103806</subfield>
</datafield>  <datafield tag="786" ind1="0" ind2=" ">
<subfield code="n">Acta Fisiátrica; v. 20 n. 4 (2013)</subfield>
</datafield>  <datafield tag="546" ind1=" " ind2=" ">
<subfield code="a">por</subfield>
</datafield>   <datafield tag="540" ind1=" " ind2=" ">
<subfield code="a">Copyright (c) 2013 Acta Fisiátrica</subfield>
</datafield>
</record>
</metadata>
</record>