
<record>
<header>
<identifier>oai:revistas.usp.br:article/103807</identifier>
<datestamp>2019-10-15T13:28:56Z</datestamp>
<setSpec>actafisiatrica:Art.+Orig.</setSpec>
<setSpec>driver</setSpec>
</header>
<metadata>
<record xmlns="http://www.loc.gov/MARC21/slim" xmlns:xsi="http://www.w3.org/2001/XMLSchema-instance" xsi:schemaLocation="http://www.loc.gov/MARC21/slim http://www.loc.gov/standards/marcxml/schema/MARC21slim.xsd">
<leader>     nmb a2200000Iu 4500</leader>
<controlfield tag="008">"131209 2013                        eng  "</controlfield>
<datafield tag="022" ind1="#" ind2="#">
<subfield code="$a">2317-0190</subfield>
</datafield>
<datafield tag="022" ind1="#" ind2="#">
<subfield code="$a">0104-7795</subfield>
</datafield>
<datafield tag="042" ind1=" " ind2=" ">
<subfield code="a">dc</subfield>
</datafield>
<datafield tag="245" ind1="0" ind2="0">
<subfield code="a">Análise dos índices de reabilitação para o trabalho nos pacientes amputados na região sul de Santa Catarina no ano de 2011</subfield>
</datafield>  <datafield tag="720" ind1="1" ind2=" ">
<subfield code="a">Machado, Davi Francisco</subfield>
<subfield code="u">Universidade do Extremo Sul Catarinense</subfield></datafield>
<datafield tag="720" ind1="1" ind2=" ">
<subfield code="a">Beirão, Marcelo Emilio</subfield>
<subfield code="u">Universidade do Extremo Sul Catarinense</subfield></datafield>
<datafield tag="520" ind1=" " ind2=" ">
<subfield code="a"> As amputações geram um importante impacto socioeconômico, com perda da capacidade laboral, de socialização e, consequentemente, da qualidade de vida, associando-se à alta morbidade, incapacidade e mortalidade. Dentre as suas etiologias, as secundárias ao trauma representam uma importante fonte de incapacidade e limitação funcional entre adolescentes e adultos jovens. Os objetivos finais da amputação costumam ser a otimização funcional do paciente e a redução do nível de morbidade. Neste momento, o retorno ao trabalho precisa ser francamente incentivado, pois proporciona bem estar, melhora da autoestima e do convívio social, além de dar mais um sentido a vida destes indivíduos. Objetivo: Conhecer o índice de reabilitação para o trabalho nos pacientes amputados acompanhados pelo Instituto Nacional de Seguro Social na Região Sul de Santa Catarina, no ano de 2011, avaliando o índice de retorno ao mercado de trabalho, além de verificar o acesso às próteses disponibilizadas pelo INSS, as principais etiologias das amputações, o sexo e a faixa etária mais comuns. Método: Este estudo foi realizado através da análise dos dados obtidos por prontuários do INSS - Unidade de Criciúma (SC), de pacientes atendidos neste local no ano de 2011. Resultados: A amostra foi composta por 83 cadastros, 74 homens e 9 mulheres, com média de idade de 37,27 anos. Nos prontuários disponíveis, 87,3% apresentavam trauma como etiologia da amputação, 54,3% retiraram o membro esquerdo e 90,4% os membros inferiores. Sessenta pacientes (72,3%) receberam a prótese, porém somente 62,7% adaptaram-se a ela e usaram-na. Treze prontuários (15,7%) relatavam dor fantasma. O retorno ao trabalho foi visualizado em 78% dos casos. Não houve relevância estatística na análise da reinserção trabalhista de acordo com cada variável estudada. Conclusão: Encontramos uma taxa satisfatória de retorno ao trabalho, ato que pode ser atribuído à eficácia do Serviço de Reabilitação do INSS. Outros estudos podem ser realizados para avaliarem o tempo entre a cirurgia e o recebimento da prótese e para analisarem o retorno à atividade profissional anterior ao procedimento. Maiores amostras são necessárias para inferir quais as variáveis mais envolvidas ao retorno ao trabalho. </subfield>
</datafield>
<datafield tag="260" ind1=" " ind2=" ">
<subfield code="b">Faculdade de Medicina, Universidade de São Paulo</subfield>
</datafield>
<dataField tag="260" ind1=" " ind2=" ">
<subfield code="c">2013-12-09 00:00:00</subfield>
</dataField>   <datafield tag="856" ind1=" " ind2=" ">
<subfield code="q">application/pdf</subfield>
</datafield>
<datafield tag="856" ind1="4" ind2="0">
<subfield code="u">https://www.revistas.usp.br/actafisiatrica/article/view/103807</subfield>
</datafield>  <datafield tag="786" ind1="0" ind2=" ">
<subfield code="n">Acta Fisiátrica; v. 20 n. 4 (2013)</subfield>
</datafield>  <datafield tag="546" ind1=" " ind2=" ">
<subfield code="a">por</subfield>
</datafield>   <datafield tag="540" ind1=" " ind2=" ">
<subfield code="a">Copyright (c) 2013 Acta Fisiátrica</subfield>
</datafield>
</record>
</metadata>
</record>