
<record>
<header>
<identifier>oai:revistas.usp.br:article/103808</identifier>
<datestamp>2019-10-15T13:34:39Z</datestamp>
<setSpec>actafisiatrica:Art.+Orig.</setSpec>
<setSpec>driver</setSpec>
</header>
<metadata>
<record xmlns="http://www.loc.gov/MARC21/slim" xmlns:xsi="http://www.w3.org/2001/XMLSchema-instance" xsi:schemaLocation="http://www.loc.gov/MARC21/slim http://www.loc.gov/standards/marcxml/schema/MARC21slim.xsd">
<leader>     nmb a2200000Iu 4500</leader>
<controlfield tag="008">"131209 2013                        eng  "</controlfield>
<datafield tag="022" ind1="#" ind2="#">
<subfield code="$a">2317-0190</subfield>
</datafield>
<datafield tag="022" ind1="#" ind2="#">
<subfield code="$a">0104-7795</subfield>
</datafield>
<datafield tag="042" ind1=" " ind2=" ">
<subfield code="a">dc</subfield>
</datafield>
<datafield tag="245" ind1="0" ind2="0">
<subfield code="a">Validação e reprodutibilidade da versão em Português da Lower Limb Amputee Measurement Scale</subfield>
</datafield>  <datafield tag="720" ind1="1" ind2=" ">
<subfield code="a">Cristiani, Beatriz Sernajoto</subfield>
<subfield code="u">Universidade Federal de São Paulo</subfield></datafield>
<datafield tag="720" ind1="1" ind2=" ">
<subfield code="a">Resende, Juliana Mantovani de</subfield>
<subfield code="u">Universidade Federal de São Paulo</subfield></datafield>
<datafield tag="720" ind1="1" ind2=" ">
<subfield code="a">Chamlian, Therezinha Rosane</subfield>
<subfield code="u">Universidade Federal de São Paulo</subfield></datafield>
<datafield tag="520" ind1=" " ind2=" ">
<subfield code="a"> A LLAMS é uma escala criada em 2007 com o objetivo de prever o tempo de permanência hospitalar de amputados de membros inferiores; é constituída de 6 domínios (médico, cognitivo, social, físico, atividades de vida diária e outros) e a versão em português da LLAMS foi criada em 2008. Objetivo: Validar a versão em português da LLAMS e avaliar sua reprodutibilidade inter e intra-avaliador. Método: A LLAMS foi aplicada em 50 amputados de membro inferior atendidos no Lar Escola São Francisco. A reprodutibilidade foi analisada por duas avaliadoras que efetuaram 3 entrevistas utilizando a LLAMS. As duas primeiras entrevistas foram realizadas no mesmo dia, sendo que a primeira entrevista foi realizada pela primeira avaliadora e a segunda entrevista foi realizada pela segunda avaliadora. Entre 7-15 dias depois, a primeira avaliadora reaplicou a LLAMS nos pacientes pela terceira vez. Além disso, foi verificada a correlação da LLAMS. Resultados: Na reprodutibilidade intra-avaliador, os domínios Médico e Social obtiveram concordância ótima; já os domínios Cognitivo, Físico, Outros e o Total da escala obtiveram concordância substancial. Na avaliação inter-avaliador, o domínio Médico obteve concordância ótima e os domínios Cognitivo, Outros e o Total da escala obtiveram concordância substancial. Na correlação entre as escalas, o domínio Cognitivo da LLAMS apresentou significante correlação com o item comunicação da MIF (p = 0,0045); após regressão linear foi observada relação inversamente proporcional entre esses itens. Os demais domínios das escalas não apresentaram correlação com a MIF e o SF-36. Conclusão: Foi realizada a validação da versão em português da Lower Limb Amputee Measurement Scale. Todos os domínios apresentaram reprodutibilidade de moderada a ótima, com exceção do domínio AVD que obteve mínima concordância na avaliação inter-avaliador. O domínio cognitivo da LLAMS apresentou correlação inversamente proporcional com o item Comunicação da MIF. Não houve correlação entre o SF-36 e a LLAMS. </subfield>
</datafield>
<datafield tag="260" ind1=" " ind2=" ">
<subfield code="b">Faculdade de Medicina, Universidade de São Paulo</subfield>
</datafield>
<dataField tag="260" ind1=" " ind2=" ">
<subfield code="c">2013-12-09 00:00:00</subfield>
</dataField>   <datafield tag="856" ind1=" " ind2=" ">
<subfield code="q">application/pdf</subfield>
</datafield>
<datafield tag="856" ind1="4" ind2="0">
<subfield code="u">https://www.revistas.usp.br/actafisiatrica/article/view/103808</subfield>
</datafield>  <datafield tag="786" ind1="0" ind2=" ">
<subfield code="n">Acta Fisiátrica; v. 20 n. 4 (2013)</subfield>
</datafield>  <datafield tag="546" ind1=" " ind2=" ">
<subfield code="a">por</subfield>
</datafield>   <datafield tag="540" ind1=" " ind2=" ">
<subfield code="a">Copyright (c) 2013 Acta Fisiátrica</subfield>
</datafield>
</record>
</metadata>
</record>