
<record>
<header>
<identifier>oai:revistas.usp.br:article/103809</identifier>
<datestamp>2019-10-15T13:45:42Z</datestamp>
<setSpec>actafisiatrica:Art.+Orig.</setSpec>
<setSpec>driver</setSpec>
</header>
<metadata>
<record xmlns="http://www.loc.gov/MARC21/slim" xmlns:xsi="http://www.w3.org/2001/XMLSchema-instance" xsi:schemaLocation="http://www.loc.gov/MARC21/slim http://www.loc.gov/standards/marcxml/schema/MARC21slim.xsd">
<leader>     nmb a2200000Iu 4500</leader>
<controlfield tag="008">"131209 2013                        eng  "</controlfield>
<datafield tag="022" ind1="#" ind2="#">
<subfield code="$a">2317-0190</subfield>
</datafield>
<datafield tag="022" ind1="#" ind2="#">
<subfield code="$a">0104-7795</subfield>
</datafield>
<datafield tag="042" ind1=" " ind2=" ">
<subfield code="a">dc</subfield>
</datafield>
<datafield tag="245" ind1="0" ind2="0">
<subfield code="a">Avaliação pré e pós protética da circumetria dos cotos de amputados transtibiais</subfield>
</datafield>  <datafield tag="720" ind1="1" ind2=" ">
<subfield code="a">Matsumura, Adriane Daolio</subfield>
<subfield code="u">Universidade Federal de São Paulo</subfield></datafield>
<datafield tag="720" ind1="1" ind2=" ">
<subfield code="a">Resende, Juliana Mantovani de</subfield>
<subfield code="u">Universidade Federal de São Paulo</subfield></datafield>
<datafield tag="720" ind1="1" ind2=" ">
<subfield code="a">Chamlian, Therezinha Rosane</subfield>
<subfield code="u">Universidade Federal de São Paulo</subfield></datafield>
<datafield tag="520" ind1=" " ind2=" ">
<subfield code="a"> O edema no coto é umas das complicações mais comuns após uma amputação e pode ser reduzido com o enfaixamento elástico, sendo controlado por medidas da circumetria, utilizando-se fita métrica. A protetização precoce e a prevenção de contraturas são prioridades na reabilitação. Objetivo: Avaliar as medidas da circumetria do coto de amputados transtibiais, após o período pré-protetização e pós-protetização. Método: Foram incluídos sete pacientes amputados transtibiais, com média de idade de 54 anos. Foram consideradas três medidas da circumetria: medida 1 (durante a avaliação da Fisiatria), medida 2 (no 1º dia com prótese - período pré-protetização) e medida 3 (após 12 semanas de uso de prótese - período Pós-Protetização). Resultados: Os dados mostraram a variação das medidas da circumetria dos cotos dos pacientes, tanto no período pré-protetização, como no pós-protetização. Conclusão: O período pré-protetização, com o uso de enfaixamento elástico e realização de exercícios, assim como o pós-protetização, com o treino de marcha com prótese, são capazes de alterar a circumetria do coto. Sugere-se a confecção de uma prótese provisória até a estabilização das medidas do coto para posteriormente confeccionar a prótese definitiva. </subfield>
</datafield>
<datafield tag="260" ind1=" " ind2=" ">
<subfield code="b">Faculdade de Medicina, Universidade de São Paulo</subfield>
</datafield>
<dataField tag="260" ind1=" " ind2=" ">
<subfield code="c">2013-12-09 00:00:00</subfield>
</dataField>   <datafield tag="856" ind1=" " ind2=" ">
<subfield code="q">application/pdf</subfield>
</datafield>
<datafield tag="856" ind1="4" ind2="0">
<subfield code="u">https://www.revistas.usp.br/actafisiatrica/article/view/103809</subfield>
</datafield>  <datafield tag="786" ind1="0" ind2=" ">
<subfield code="n">Acta Fisiátrica; v. 20 n. 4 (2013)</subfield>
</datafield>  <datafield tag="546" ind1=" " ind2=" ">
<subfield code="a">por</subfield>
</datafield>   <datafield tag="540" ind1=" " ind2=" ">
<subfield code="a">Copyright (c) 2013 Acta Fisiátrica</subfield>
</datafield>
</record>
</metadata>
</record>