
<record>
<header>
<identifier>oai:revistas.usp.br:article/103811</identifier>
<datestamp>2019-10-15T13:50:20Z</datestamp>
<setSpec>actafisiatrica:Art.+Orig.</setSpec>
<setSpec>driver</setSpec>
</header>
<metadata>
<record xmlns="http://www.loc.gov/MARC21/slim" xmlns:xsi="http://www.w3.org/2001/XMLSchema-instance" xsi:schemaLocation="http://www.loc.gov/MARC21/slim http://www.loc.gov/standards/marcxml/schema/MARC21slim.xsd">
<leader>     nmb a2200000Iu 4500</leader>
<controlfield tag="008">"131209 2013                        eng  "</controlfield>
<datafield tag="022" ind1="#" ind2="#">
<subfield code="$a">2317-0190</subfield>
</datafield>
<datafield tag="022" ind1="#" ind2="#">
<subfield code="$a">0104-7795</subfield>
</datafield>
<datafield tag="042" ind1=" " ind2=" ">
<subfield code="a">dc</subfield>
</datafield>
<datafield tag="245" ind1="0" ind2="0">
<subfield code="a">Análise funcional e prognóstico de marcha no paciente amputado de extremidade inferior</subfield>
</datafield>  <datafield tag="720" ind1="1" ind2=" ">
<subfield code="a">Chamlian, Therezinha Rosane</subfield>
<subfield code="u">Universidade Federal de São Paulo</subfield></datafield>
<datafield tag="720" ind1="1" ind2=" ">
<subfield code="a">Weintraub, Miriam</subfield>
<subfield code="u">Universidade Federal de São Paulo</subfield></datafield>
<datafield tag="720" ind1="1" ind2=" ">
<subfield code="a">Resende, Juliana Mantovani de</subfield>
<subfield code="u">Universidade Federal de São Paulo</subfield></datafield>
<datafield tag="520" ind1=" " ind2=" ">
<subfield code="a"> A amputação da extremidade inferior pode afetar a condição física, psíquica e social de um indivíduo. A reabilitação pré e pós protetização é importante para melhorar a funcionalidade e habilidade de deambulação. Os pacientes devem ser avaliados de forma precisa e para isso existem instrumentos específicos como a Amputee Mobility Predictor (AMP), que é uma escala de fácil aplicação cuja função seria predizer o prognóstico funcional dos pacientes. Objetivo: Avaliar o valor preditivo dos resultados da escala AMP em pacientes submetidos à amputação unilateral da extremidade inferior, que realizaram o tratamento de reabilitação no Lar Escola São Francisco - Centro de Reabilitação entre 2007 e 2010. Método: Foi realizado um estudo longitudinal prospectivo, com a aplicação da AMP em 73 pacientes com amputação unilateral transtibial ou transfemoral antes do programa de reabilitação. Vinte e dois pacientes foram reavaliados após receberem alta da reabilitação. Os dados encontrados foram tabulados e submetidos à análise estatística; nível de significância adotado foi de p ≤ 0,05. Resultados: Houve aumento significativo da pontuação da avaliação inicial e da avaliação final da AMP, tanto no grupo transtibial como no grupo transfemoral. Não houve diferença entre os grupos quanto ao intervalo entre a amputação e o início do tratamento, nem ao tempo de reabilitação. Encontrou-se correlação entre o aumento da idade dos pacientes com menor pontuação da AMP ao final da reabilitação. Conclusão: A escala AMP não foi preditiva em relação à funcionalidade e ao prognóstico de marcha dos pacientes amputados unilateralmente da extremidade inferior que realizaram a reabilitação no Lar Escola São Francisco - Centro de Reabilitação entre 2007 e 2010. </subfield>
</datafield>
<datafield tag="260" ind1=" " ind2=" ">
<subfield code="b">Faculdade de Medicina, Universidade de São Paulo</subfield>
</datafield>
<dataField tag="260" ind1=" " ind2=" ">
<subfield code="c">2013-12-09 00:00:00</subfield>
</dataField>   <datafield tag="856" ind1=" " ind2=" ">
<subfield code="q">application/pdf</subfield>
</datafield>
<datafield tag="856" ind1="4" ind2="0">
<subfield code="u">https://www.revistas.usp.br/actafisiatrica/article/view/103811</subfield>
</datafield>  <datafield tag="786" ind1="0" ind2=" ">
<subfield code="n">Acta Fisiátrica; v. 20 n. 4 (2013)</subfield>
</datafield>  <datafield tag="546" ind1=" " ind2=" ">
<subfield code="a">por</subfield>
</datafield>   <datafield tag="540" ind1=" " ind2=" ">
<subfield code="a">Copyright (c) 2013 Acta Fisiátrica</subfield>
</datafield>
</record>
</metadata>
</record>