
<record>
<header>
<identifier>oai:revistas.usp.br:article/103812</identifier>
<datestamp>2019-10-15T14:09:20Z</datestamp>
<setSpec>actafisiatrica:Art.+Orig.</setSpec>
<setSpec>driver</setSpec>
</header>
<metadata>
<record xmlns="http://www.loc.gov/MARC21/slim" xmlns:xsi="http://www.w3.org/2001/XMLSchema-instance" xsi:schemaLocation="http://www.loc.gov/MARC21/slim http://www.loc.gov/standards/marcxml/schema/MARC21slim.xsd">
<leader>     nmb a2200000Iu 4500</leader>
<controlfield tag="008">"131209 2013                        eng  "</controlfield>
<datafield tag="022" ind1="#" ind2="#">
<subfield code="$a">2317-0190</subfield>
</datafield>
<datafield tag="022" ind1="#" ind2="#">
<subfield code="$a">0104-7795</subfield>
</datafield>
<datafield tag="042" ind1=" " ind2=" ">
<subfield code="a">dc</subfield>
</datafield>
<datafield tag="245" ind1="0" ind2="0">
<subfield code="a">Avaliação do padrão postural e marcha de pacientes amputados vasculares transtibiais protetizados</subfield>
</datafield>  <datafield tag="720" ind1="1" ind2=" ">
<subfield code="a">Chamlian, Therezinha Rosane</subfield>
<subfield code="u">Universidade Federal de São Paulo</subfield></datafield>
<datafield tag="720" ind1="1" ind2=" ">
<subfield code="a">Angrisani, Pedro Giaffredo</subfield>
<subfield code="u">Universidade Federal de São Paulo</subfield></datafield>
<datafield tag="720" ind1="1" ind2=" ">
<subfield code="a">Resende, Juliana Mantovani de</subfield>
<subfield code="u">Universidade Federal de São Paulo</subfield></datafield>
<datafield tag="720" ind1="1" ind2=" ">
<subfield code="a">Celestino, Melissa Leandro</subfield>
<subfield code="u">Universidade Cruzeiro do Sul</subfield></datafield>
<datafield tag="720" ind1="1" ind2=" ">
<subfield code="a">Say, Karina Gramani</subfield>
<subfield code="u">Universidade Federal de São Carlos</subfield></datafield>
<datafield tag="720" ind1="1" ind2=" ">
<subfield code="a">Barela, Ana Maria Forti</subfield>
<subfield code="u">Universidade Cruzeiro do Sul</subfield></datafield>
<datafield tag="520" ind1=" " ind2=" ">
<subfield code="a"> Objetivo: Avaliar o padrão postural e a marcha de pacientes amputados transtibiais unilaterais, de etiologia vascular que realizaram o processo de protetização e reabilitação no setor de Fisioterapia do Lar Escola São Francisco - Centro de Reabilitação. Método: Trata-se de um estudo Observacional Prospectivo Transversal. Participaram do estudo oito sujeitos com média de idade de 60, 4 anos, submetidos à amputação transtibial unilateral até 5 anos da data da análise, por etiologia vascular e que concluíram o processo de protetização com alta da reabilitação até 24 meses. Foi avaliado o padrão postural com o paciente em ortostatismo, sobre uma plataforma de força com os olhos abertos e olhos fechados alternadamente, e também foi avaliada a marcha em uma passarela de 6 metros utilizando uma plataforma de força nivelada e escondida no meio da passarela. Foram colocados marcadores reflexivos no quinto metatarso, maléolo lateral, côndilo lateral do fêmur e trocânter maior, pois duas filmadoras foram dispostas lateralmente para a obtenção das imagens e sendo sincronizadas com a plataforma de força. Resultados: Os dados achados para controle postural em amplitude média de oscilação MANOVA revelaram diferença na visão (olhos abertos e olhos fechados) para direções ântero-posterior (F1,7 = 13.223 p &lt; 0,05) e médio-lateral (F1,7 = 7.872 p &lt; 0,05). Na análise de marcha, a velocidade média foi de 0,72 (m/s) ± 0,18, e não foram achadas diferenças significativas na comparação entre os dois membros nos dados analisados. Conclusão: O estudo demonstrou aumento significativo da oscilação em ortostatismo dos indivíduos com os olhos fechados em comparação com olhos abertos. Parâmetros da marcha não tiveram diferença significativa entre o membro protético e o não protético. </subfield>
</datafield>
<datafield tag="260" ind1=" " ind2=" ">
<subfield code="b">Faculdade de Medicina, Universidade de São Paulo</subfield>
</datafield>
<dataField tag="260" ind1=" " ind2=" ">
<subfield code="c">2013-12-09 00:00:00</subfield>
</dataField>   <datafield tag="856" ind1=" " ind2=" ">
<subfield code="q">application/pdf</subfield>
</datafield>
<datafield tag="856" ind1="4" ind2="0">
<subfield code="u">https://www.revistas.usp.br/actafisiatrica/article/view/103812</subfield>
</datafield>  <datafield tag="786" ind1="0" ind2=" ">
<subfield code="n">Acta Fisiátrica; v. 20 n. 4 (2013)</subfield>
</datafield>  <datafield tag="546" ind1=" " ind2=" ">
<subfield code="a">por</subfield>
</datafield>   <datafield tag="540" ind1=" " ind2=" ">
<subfield code="a">Copyright (c) 2013 Acta Fisiátrica</subfield>
</datafield>
</record>
</metadata>
</record>