
<record>
<header>
<identifier>oai:revistas.usp.br:article/103813</identifier>
<datestamp>2019-10-15T14:20:31Z</datestamp>
<setSpec>actafisiatrica:Art.+Orig.</setSpec>
<setSpec>driver</setSpec>
</header>
<metadata>
<record xmlns="http://www.loc.gov/MARC21/slim" xmlns:xsi="http://www.w3.org/2001/XMLSchema-instance" xsi:schemaLocation="http://www.loc.gov/MARC21/slim http://www.loc.gov/standards/marcxml/schema/MARC21slim.xsd">
<leader>     nmb a2200000Iu 4500</leader>
<controlfield tag="008">"131209 2013                        eng  "</controlfield>
<datafield tag="022" ind1="#" ind2="#">
<subfield code="$a">2317-0190</subfield>
</datafield>
<datafield tag="022" ind1="#" ind2="#">
<subfield code="$a">0104-7795</subfield>
</datafield>
<datafield tag="042" ind1=" " ind2=" ">
<subfield code="a">dc</subfield>
</datafield>
<datafield tag="245" ind1="0" ind2="0">
<subfield code="a">Tradução e adaptação cultural da escala “Lower Limb extremity Amputee Measurement Scale” para a língua portuguesa</subfield>
</datafield>  <datafield tag="720" ind1="1" ind2=" ">
<subfield code="a">Gardin, Ana Maria Vieira</subfield>
<subfield code="u">Universidade Federal de São Paulo</subfield></datafield>
<datafield tag="720" ind1="1" ind2=" ">
<subfield code="a">Resende, Juliana Mantovani de</subfield>
<subfield code="u">Universidade Federal de São Paulo</subfield></datafield>
<datafield tag="720" ind1="1" ind2=" ">
<subfield code="a">Chamlian, Therezinha Rosane</subfield>
<subfield code="u">Universidade Federal de São Paulo</subfield></datafield>
<datafield tag="520" ind1=" " ind2=" ">
<subfield code="a"> Objetivo: Traduzir a versão original da escala Lower Limb extremity AmputeeMeasurement Scale (LLAMS) da língua inglesa para a portuguesa; verificar o nível de compreensão da escala entre os profissionais da saúde e construir uma versão adaptada culturalmente aos profissionais da população brasileira. Método: Foram realizadas duas traduções da escala original americana para o português, e a tradução consensual foi convertida em duas novas versões para a língua inglesa. Estas duas versões foram comparadas com a versão original do instrumento americano e novamente as divergências foram analisadas e modificadas para um consenso com a versão original. Obteve-se uma versão brasileira da LLAMS modificada que foi avaliada em relação à sua equivalência cultural e conteúdo. A versão brasileira da LLAMS foi aplicada em profissionais da área da saúde (n = 20) para avaliação do nível de compreensão de cada sentença. Resultados: Na primeira aplicação, obteve-se 35% de não compreensão no item “data clínica,” e este item foi substituído por “data da consulta médica”. A escala foi então reaplicada, obtendo-se 100% de compreensão. Conclusão: Foi realizada a tradução e a adaptação cultural da versão original do LLAMS da língua inglesa para a portuguesa e quantificou-se o nível de compreensão dos profissionais, obtendo-se 100% de compreensão dos itens após duas aplicações. Com isso, construiu-se uma versão adaptada culturalmente aos profissionais e pacientes da população brasileira. </subfield>
</datafield>
<datafield tag="260" ind1=" " ind2=" ">
<subfield code="b">Faculdade de Medicina, Universidade de São Paulo</subfield>
</datafield>
<dataField tag="260" ind1=" " ind2=" ">
<subfield code="c">2013-12-09 00:00:00</subfield>
</dataField>   <datafield tag="856" ind1=" " ind2=" ">
<subfield code="q">application/pdf</subfield>
</datafield>
<datafield tag="856" ind1="4" ind2="0">
<subfield code="u">https://www.revistas.usp.br/actafisiatrica/article/view/103813</subfield>
</datafield>  <datafield tag="786" ind1="0" ind2=" ">
<subfield code="n">Acta Fisiátrica; v. 20 n. 4 (2013)</subfield>
</datafield>  <datafield tag="546" ind1=" " ind2=" ">
<subfield code="a">por</subfield>
</datafield>   <datafield tag="540" ind1=" " ind2=" ">
<subfield code="a">Copyright (c) 2013 Acta Fisiátrica</subfield>
</datafield>
</record>
</metadata>
</record>