
<record>
<header>
<identifier>oai:revistas.usp.br:article/103814</identifier>
<datestamp>2019-10-15T15:12:16Z</datestamp>
<setSpec>actafisiatrica:Art.+Orig.</setSpec>
<setSpec>driver</setSpec>
</header>
<metadata>
<record xmlns="http://www.loc.gov/MARC21/slim" xmlns:xsi="http://www.w3.org/2001/XMLSchema-instance" xsi:schemaLocation="http://www.loc.gov/MARC21/slim http://www.loc.gov/standards/marcxml/schema/MARC21slim.xsd">
<leader>     nmb a2200000Iu 4500</leader>
<controlfield tag="008">"131209 2013                        eng  "</controlfield>
<datafield tag="022" ind1="#" ind2="#">
<subfield code="$a">2317-0190</subfield>
</datafield>
<datafield tag="022" ind1="#" ind2="#">
<subfield code="$a">0104-7795</subfield>
</datafield>
<datafield tag="042" ind1=" " ind2=" ">
<subfield code="a">dc</subfield>
</datafield>
<datafield tag="245" ind1="0" ind2="0">
<subfield code="a">Perfil epidemiológico dos pacientes amputados de membros inferiores atendidos no Lar Escola São Francisco entre 2006 e 2012</subfield>
</datafield>  <datafield tag="720" ind1="1" ind2=" ">
<subfield code="a">Chamlian, Therezinha Rosane</subfield>
<subfield code="u">Universidade Federal de São Paulo</subfield></datafield>
<datafield tag="720" ind1="1" ind2=" ">
<subfield code="a">Varanda, Renata dos Ramos</subfield>
<subfield code="u">Universidade Federal de São Paulo</subfield></datafield>
<datafield tag="720" ind1="1" ind2=" ">
<subfield code="a">Pereira, Caio Leal</subfield>
<subfield code="u">Faculdade Metropolitanas Unidas</subfield></datafield>
<datafield tag="720" ind1="1" ind2=" ">
<subfield code="a">Resende, Juliana Mantovani de</subfield>
<subfield code="u">Universidade Federal de São Paulo</subfield></datafield>
<datafield tag="720" ind1="1" ind2=" ">
<subfield code="a">Faria, Cecília Caruggi de</subfield>
<subfield code="u">Universidade Federal de São Paulo</subfield></datafield>
<datafield tag="520" ind1=" " ind2=" ">
<subfield code="a"> Objetivo: Analisar o perfil epidemiológico dos pacientes amputados de membros inferiores atendidos no Lar Escola São Francisco de 2006 a 2012. Método: A coleta de dados foi realizada de modo retrospectivo com 474 prontuários selecionados para verificar: gênero, idade, etnia, etiologia e nível de amputação, doenças associadas, intervalos de tempo entre a amputação e avaliação inicial e entre a avaliação inicial e a alta, presença de dor fantasma, uso de dispositivo auxiliar para marcha ou locomoção e independência em AVD. Os dados foram analisados descritivamente (porcentagem e média) e foi utilizado o teste do qui-quadrado, com p &lt; 0,05, como teste de diferença de proporção para etnia e etiologia. Resultados: Trezentos e trinta e nove pacientes (72%) eram homens com média de idade de 56,2 anos; os níveis de amputação foram 43% transfemoral e 44% transtibial; a etiologia da amputação foi vascular em 341 pacientes (72%) sendo 73% em caucasianos; hipertensão arterial sistêmica e diabetes melitus foram as doenças associadas mais prevalentes; 267 pacientes (56%) foram protetizados, 100 pacientes (21%) abandonaram o tratamento. Conclusão: A população de amputados atendida no Lar Escola São Francisco no período estudado é composta, em sua maioria, por pacientes do gênero masculino, na quinta década da vida, com amputação de origem vascular nos níveis transfemoral e transtibial. Pouco mais da metade é protetizado, o índice de abandono do tratamento é elevado e o intervalo de tempo para reabilitação ainda é longo. </subfield>
</datafield>
<datafield tag="260" ind1=" " ind2=" ">
<subfield code="b">Faculdade de Medicina, Universidade de São Paulo</subfield>
</datafield>
<dataField tag="260" ind1=" " ind2=" ">
<subfield code="c">2013-12-09 00:00:00</subfield>
</dataField>   <datafield tag="856" ind1=" " ind2=" ">
<subfield code="q">application/pdf</subfield>
</datafield>
<datafield tag="856" ind1="4" ind2="0">
<subfield code="u">https://www.revistas.usp.br/actafisiatrica/article/view/103814</subfield>
</datafield>  <datafield tag="786" ind1="0" ind2=" ">
<subfield code="n">Acta Fisiátrica; v. 20 n. 4 (2013)</subfield>
</datafield>  <datafield tag="546" ind1=" " ind2=" ">
<subfield code="a">por</subfield>
</datafield>   <datafield tag="540" ind1=" " ind2=" ">
<subfield code="a">Copyright (c) 2013 Acta Fisiátrica</subfield>
</datafield>
</record>
</metadata>
</record>