
<record>
<header>
<identifier>oai:revistas.usp.br:article/103815</identifier>
<datestamp>2019-10-15T15:17:21Z</datestamp>
<setSpec>actafisiatrica:Art.+Orig.</setSpec>
<setSpec>driver</setSpec>
</header>
<metadata>
<record xmlns="http://www.loc.gov/MARC21/slim" xmlns:xsi="http://www.w3.org/2001/XMLSchema-instance" xsi:schemaLocation="http://www.loc.gov/MARC21/slim http://www.loc.gov/standards/marcxml/schema/MARC21slim.xsd">
<leader>     nmb a2200000Iu 4500</leader>
<controlfield tag="008">"131209 2013                        eng  "</controlfield>
<datafield tag="022" ind1="#" ind2="#">
<subfield code="$a">2317-0190</subfield>
</datafield>
<datafield tag="022" ind1="#" ind2="#">
<subfield code="$a">0104-7795</subfield>
</datafield>
<datafield tag="042" ind1=" " ind2=" ">
<subfield code="a">dc</subfield>
</datafield>
<datafield tag="245" ind1="0" ind2="0">
<subfield code="a">Ansiedade, depressão e desesperança em pacientes amputados de membros inferiores</subfield>
</datafield>  <datafield tag="720" ind1="1" ind2=" ">
<subfield code="a">Sabino, Stephanie Di Martino</subfield>
<subfield code="u">Associação de Assistência à Criança Deficiente</subfield></datafield>
<datafield tag="720" ind1="1" ind2=" ">
<subfield code="a">Torquato, Richelle Maitê</subfield>
<subfield code="u">Associação de Assistência à Criança Deficiente</subfield></datafield>
<datafield tag="720" ind1="1" ind2=" ">
<subfield code="a">Pardini, Adriana Cristina Guimarães</subfield>
<subfield code="u">Associação de Assistência à Criança Deficiente</subfield></datafield>
<datafield tag="520" ind1=" " ind2=" ">
<subfield code="a"> Amputação consiste na retirada de um membro, total ou parcialmente, por cirurgia ou trauma. A causa mais frequente de amputações é vascular (75% em membros inferiores), seguida por traumas (20%) e tumores (5%). Após a amputação, o paciente geralmente passa por uma série de reações emocionais. Dentre as mais comuns, pacientes amputados podem apresentar quadros de ansiedade, depressão e desesperança. Objetivo: Verificar a incidência de Ansiedade, Depressão e Desesperança em pacientes com amputação de membros inferiores que chegaram ao Centro de Reabilitação. Método: Participaram desta pesquisa 31 pacientes no período de maio a agosto de 2011. Os pacientes foram submetidos à realização de um questionário de caracterização da amostra e as escalas Beck de Ansiedade, Depressão e Desesperança. Resultados: Os pacientes que tinham companheiro apresentaram menores níveis de Ansiedade e Desesperança e os pacientes que saíam semanalmente apresentaram menores pontuações na escala de depressão. Conclusão: Os pacientes com amputação de membros inferiores apresentaram boas estratégias de enfrentamento ou estão em processo de negação de sua condição atual, ou ainda aliviados pela melhora do quadro álgico. </subfield>
</datafield>
<datafield tag="260" ind1=" " ind2=" ">
<subfield code="b">Faculdade de Medicina, Universidade de São Paulo</subfield>
</datafield>
<dataField tag="260" ind1=" " ind2=" ">
<subfield code="c">2013-12-09 00:00:00</subfield>
</dataField>   <datafield tag="856" ind1=" " ind2=" ">
<subfield code="q">application/pdf</subfield>
</datafield>
<datafield tag="856" ind1="4" ind2="0">
<subfield code="u">https://www.revistas.usp.br/actafisiatrica/article/view/103815</subfield>
</datafield>  <datafield tag="786" ind1="0" ind2=" ">
<subfield code="n">Acta Fisiátrica; v. 20 n. 4 (2013)</subfield>
</datafield>  <datafield tag="546" ind1=" " ind2=" ">
<subfield code="a">por</subfield>
</datafield>   <datafield tag="540" ind1=" " ind2=" ">
<subfield code="a">Copyright (c) 2013 Acta Fisiátrica</subfield>
</datafield>
</record>
</metadata>
</record>