
<record>
<header>
<identifier>oai:revistas.usp.br:article/103816</identifier>
<datestamp>2019-10-15T17:21:13Z</datestamp>
<setSpec>actafisiatrica:Art.+Rev.</setSpec>
<setSpec>driver</setSpec>
</header>
<metadata>
<record xmlns="http://www.loc.gov/MARC21/slim" xmlns:xsi="http://www.w3.org/2001/XMLSchema-instance" xsi:schemaLocation="http://www.loc.gov/MARC21/slim http://www.loc.gov/standards/marcxml/schema/MARC21slim.xsd">
<leader>     nmb a2200000Iu 4500</leader>
<controlfield tag="008">"131209 2013                        eng  "</controlfield>
<datafield tag="022" ind1="#" ind2="#">
<subfield code="$a">2317-0190</subfield>
</datafield>
<datafield tag="022" ind1="#" ind2="#">
<subfield code="$a">0104-7795</subfield>
</datafield>
<datafield tag="042" ind1=" " ind2=" ">
<subfield code="a">dc</subfield>
</datafield>
<datafield tag="245" ind1="0" ind2="0">
<subfield code="a">Avaliação da qualidade de vida e função em amputados bilaterais de membros inferiores: revisão da literatura</subfield>
</datafield>  <datafield tag="720" ind1="1" ind2=" ">
<subfield code="a">Chamlian, Therezinha Rosane</subfield>
<subfield code="u">Universidade Federal de São Paulo</subfield></datafield>
<datafield tag="720" ind1="1" ind2=" ">
<subfield code="a">Starling, Marcelo</subfield>
<subfield code="u">Universidade Federal de São Paulo</subfield></datafield>
<datafield tag="520" ind1=" " ind2=" ">
<subfield code="a"> Amputação de membros inferiores é uma condição de saúde crônica comum e importante causa de incapacidade em longo prazo. Independentemente da causa, a amputação traz uma dramática mudança funcional, prejudicando muitos aspectos da vida diária e conseqüentemente da qualidade de vida (QV). Objetivo: Este estudo tem como objetivo revisar os artigos publicados sobre pacientes com amputação bilateral dos membros inferiores e identificar os instrumentos utilizados para avaliar qualidade de vida e função. Método: Foi realizada busca de artigos científicos em bases de dados eletrônicas (MedLine, PubMed e LILACS) e por meio de busca não eletrônica, a partir das referências dos artigos selecionados, sem restrição do ano de publicação, nos idiomas português, inglês, francês e espanhol. Resultados: Foram incluídos 29 estudos. Conclusão: Não foi encontrada uma classificação clínica específica globalmente aceita para esta população, e poucos questionários podem ser aplicados a todas as culturas para permitir ao profissional de saúde comparar e compartilhar o desfecho de pessoas com amputação bilateral de membros inferiores. </subfield>
</datafield>
<datafield tag="260" ind1=" " ind2=" ">
<subfield code="b">Faculdade de Medicina, Universidade de São Paulo</subfield>
</datafield>
<dataField tag="260" ind1=" " ind2=" ">
<subfield code="c">2013-12-09 00:00:00</subfield>
</dataField>   <datafield tag="856" ind1=" " ind2=" ">
<subfield code="q">application/pdf</subfield>
</datafield>
<datafield tag="856" ind1="4" ind2="0">
<subfield code="u">https://www.revistas.usp.br/actafisiatrica/article/view/103816</subfield>
</datafield>  <datafield tag="786" ind1="0" ind2=" ">
<subfield code="n">Acta Fisiátrica; v. 20 n. 4 (2013)</subfield>
</datafield>  <datafield tag="546" ind1=" " ind2=" ">
<subfield code="a">por</subfield>
</datafield>   <datafield tag="540" ind1=" " ind2=" ">
<subfield code="a">Copyright (c) 2013 Acta Fisiátrica</subfield>
</datafield>
</record>
</metadata>
</record>