
<record>
<header>
<identifier>oai:revistas.usp.br:article/103817</identifier>
<datestamp>2019-09-25T19:10:34Z</datestamp>
<setSpec>actafisiatrica:Art.+Orig.</setSpec>
<setSpec>driver</setSpec>
</header>
<metadata>
<record xmlns="http://www.loc.gov/MARC21/slim" xmlns:xsi="http://www.w3.org/2001/XMLSchema-instance" xsi:schemaLocation="http://www.loc.gov/MARC21/slim http://www.loc.gov/standards/marcxml/schema/MARC21slim.xsd">
<leader>     nmb a2200000Iu 4500</leader>
<controlfield tag="008">"140309 2014                        eng  "</controlfield>
<datafield tag="022" ind1="#" ind2="#">
<subfield code="$a">2317-0190</subfield>
</datafield>
<datafield tag="022" ind1="#" ind2="#">
<subfield code="$a">0104-7795</subfield>
</datafield>
<datafield tag="042" ind1=" " ind2=" ">
<subfield code="a">dc</subfield>
</datafield>
<datafield tag="245" ind1="0" ind2="0">
<subfield code="a">Associação entre sintomas depressivos, trabalho e grau de incapacidade na hanseníase</subfield>
</datafield>  <datafield tag="720" ind1="1" ind2=" ">
<subfield code="a">Corrêa, Bruna Janerini</subfield>
<subfield code="u">Instituto Lauro de Souza Lima</subfield></datafield>
<datafield tag="720" ind1="1" ind2=" ">
<subfield code="a">Marciano, Lúcia Helena Soares Camargo</subfield>
<subfield code="u">Instituto Lauro de Souza Lima</subfield><subfield code="0">https://orcid.org/0000-0003-3219-9088</subfield></datafield>
<datafield tag="720" ind1="1" ind2=" ">
<subfield code="a">Nardi, Susilene Tonelli</subfield>
<subfield code="u">Instituto Lauro de Souza Lima</subfield><subfield code="0">https://orcid.org/0000-0001-8793-8437</subfield></datafield>
<datafield tag="720" ind1="1" ind2=" ">
<subfield code="a">Marques, Tatiani</subfield>
<subfield code="u">Instituto Lauro de Souza Lima</subfield></datafield>
<datafield tag="720" ind1="1" ind2=" ">
<subfield code="a">Assis, Thássia Ferraz de</subfield>
<subfield code="u">Instituto Lauro de Souza Lima</subfield></datafield>
<datafield tag="720" ind1="1" ind2=" ">
<subfield code="a">Prado, Renata Bilion Ruiz</subfield>
<subfield code="u">Instituto Lauro de Souza Lima</subfield><subfield code="0">https://orcid.org/0000-0003-3545-614X</subfield></datafield>
<datafield tag="520" ind1=" " ind2=" ">
<subfield code="a"> Depression is the most common psychiatric disorder in leprosy and with high depressive symptoms. Objective: The aim of this study was to determine the prevalence and frequency of depressive symptoms and their relationship to WHO impairment grading (IG), and sociodemographic variables. Method: We applied a survey containing sociodemographic, clinical aspects and IG. The original scale of the BDI was applied to identify the frequency of depressive symptoms (21 items), as well as the cognitive subscale BDI-Short Form-BDI-SF (items 1-13), recommended to assess depressive symptoms in individuals with defined pathologies. Descriptive statistical analysis was used, with the frequency distribution to characterize the sample, and to the intersection of the variables, the Chi-square Test-corrected (Yates) was applied, considering significant results p - value &lt; 0.05. Results: 130 patients who have or have had leprosy were evaluated. The mean age of patients was 49.64 (SD = 14.04). There was a predominance of males (64.6%), those living with family (87.7%), with incomplete primary education (66.2%), stable civil union (61.6%), which did not work (75.4%) and receive retirement or health aid (63.9%). Regarding clinical aspects, 94.5% were multibacillary, 74.6% had multidrug therapy and most have loss of protective sensation and/or deformities (31.5% IG1; 37 % IG2). Among the cases evaluated, 43.1% had depressive symptoms of moderate to severe intensity. There was no significant correlation between BDI-SF and IG (p - value = 0.950). However, the individuals without an occupation or job (“which did not work”) were associated with depressive symptoms (BDI-FS; p- value &lt; 0.05). Somatic apprehension was the most frequent symptom (80.7%), followed by difficulty with work (78.5%), irritability (68.5%), fatigue (67.7%), self-blame (62.3%) and tearfulness (60%). Conclusion: It is concluded that moderate and severe depressive symptoms assaulted 43.1% of the cases evaluated, regardless of whether or not physical disabilities (IG1 and 2). Individuals who did not work were the most affected by depressive symptoms compared to those who had some sort of occupation. </subfield>
</datafield>
<datafield tag="260" ind1=" " ind2=" ">
<subfield code="b">Faculdade de Medicina, Universidade de São Paulo</subfield>
</datafield>
<dataField tag="260" ind1=" " ind2=" ">
<subfield code="c">2014-03-09 00:00:00</subfield>
</dataField>   <datafield tag="856" ind1=" " ind2=" ">
<subfield code="q">application/pdf</subfield>
</datafield>
<datafield tag="856" ind1=" " ind2=" ">
<subfield code="q">application/pdf</subfield>
</datafield>
<datafield tag="856" ind1="4" ind2="0">
<subfield code="u">https://www.revistas.usp.br/actafisiatrica/article/view/103817</subfield>
</datafield>  <datafield tag="786" ind1="0" ind2=" ">
<subfield code="n">Acta Fisiátrica; v. 21 n. 1 (2014)</subfield>
</datafield>  <datafield tag="546" ind1=" " ind2=" ">
<subfield code="a">eng</subfield>
</datafield>   <datafield tag="540" ind1=" " ind2=" ">
<subfield code="a">Copyright (c) 2014 Acta Fisiátrica</subfield>
</datafield>
</record>
</metadata>
</record>