
<record>
<header>
<identifier>oai:revistas.usp.br:article/103819</identifier>
<datestamp>2019-09-25T19:23:08Z</datestamp>
<setSpec>actafisiatrica:Art.+Orig.</setSpec>
<setSpec>driver</setSpec>
</header>
<metadata>
<record xmlns="http://www.loc.gov/MARC21/slim" xmlns:xsi="http://www.w3.org/2001/XMLSchema-instance" xsi:schemaLocation="http://www.loc.gov/MARC21/slim http://www.loc.gov/standards/marcxml/schema/MARC21slim.xsd">
<leader>     nmb a2200000Iu 4500</leader>
<controlfield tag="008">"140309 2014                        eng  "</controlfield>
<datafield tag="022" ind1="#" ind2="#">
<subfield code="$a">2317-0190</subfield>
</datafield>
<datafield tag="022" ind1="#" ind2="#">
<subfield code="$a">0104-7795</subfield>
</datafield>
<datafield tag="042" ind1=" " ind2=" ">
<subfield code="a">dc</subfield>
</datafield>
<datafield tag="245" ind1="0" ind2="0">
<subfield code="a">Prevalência de dor osteomuscular em profissionais de enfermagem de equipes de cirurgia em um hospital universitário</subfield>
</datafield>  <datafield tag="720" ind1="1" ind2=" ">
<subfield code="a">Vidor, Cristiane da Rocha</subfield>
</datafield>
<datafield tag="720" ind1="1" ind2=" ">
<subfield code="a">Mahmud, Mahmud Ahmad Ismail</subfield>
<subfield code="u">Hospital de Clínicas de Porto Alegre</subfield></datafield>
<datafield tag="720" ind1="1" ind2=" ">
<subfield code="a">Farias, Leonardo Fontanive</subfield>
<subfield code="u">Hospital de Clínicas de Porto Alegre.</subfield></datafield>
<datafield tag="720" ind1="1" ind2=" ">
<subfield code="a">Silva, César Augusto</subfield>
</datafield>
<datafield tag="720" ind1="1" ind2=" ">
<subfield code="a">Ferrari, Juliana Nery</subfield>
<subfield code="u">Universidade Federal do Rio Grande do Sul</subfield></datafield>
<datafield tag="720" ind1="1" ind2=" ">
<subfield code="a">Comel, João Carlos</subfield>
<subfield code="u">Universidade Federal do Rio Grande do Sul</subfield></datafield>
<datafield tag="720" ind1="1" ind2=" ">
<subfield code="a">Zanini, Maurice</subfield>
<subfield code="u">Universidade Federal do Rio Grande do Sul</subfield></datafield>
<datafield tag="720" ind1="1" ind2=" ">
<subfield code="a">Nery, Rosane Maria</subfield>
</datafield>
<datafield tag="720" ind1="1" ind2=" ">
<subfield code="a">Santos, Antônio Cardoso dos</subfield>
<subfield code="u">Universidade Federal do Rio Grande do Sul</subfield></datafield>
<datafield tag="720" ind1="1" ind2=" ">
<subfield code="a">Stefani, Marco Antônio</subfield>
<subfield code="u">Universidade Federal do Rio Grande do Sul</subfield></datafield>
<datafield tag="520" ind1=" " ind2=" ">
<subfield code="a"> Among the health professions, nursing, in particular, has been affected by musculoskeletal disorders. The WMSD produce changes in the lives of these workers, impossible of them held daily activities and labour. Objective: Investigating the prevalence of musculoskeletal pain and associated with the quality of life in nursing professionals who work in surgery teams. Method: Cross-sectional study conducted between March 2011 and January 2012 in a tertiary university hospital in southern Brazil. We evaluated 110 workers nursing teams. It was excluded workers on sick leave, vacation or other absence during the period of data collection. The musculoskeletal pain was assessed using the Nordic Musculoskeletal symptoms questionnaire the quality of life was assessed by the Medical Outcomes Study 36 - Item Short-Form Survey (SF-36). The relationship between musculoskeletal pain and quality of life were analyzed by the U of Mann-Whitney test, using a significance level of 95%. Results: The prevalence of musculoskeletal pain found in this study was 91.81%. With respect to anatomic regions, it was considered the complaints of musculoskeletal pain retroactive twelve months ago, where there was the predominance of neck pain (56%) and shoulders (56%). When we consider sick leaving for musculoskeletal pain we found the prevalence of low back pain (34%). The group who reported no musculoskeletal pain showed better indices of quality of life in the areas of physical functioning, physical aspect, bodily pain, vitality, social and mental health aspect. Conclusion: the higher prevalence of musculoskeletal pain in the neck and shoulder regions. Moreover, the largest number of sick leaves occurs because of the prevalence of low back pain among nursing staff of the surgical teams. The pain influenced the quality of life affecting six of the areas assessed. </subfield>
</datafield>
<datafield tag="260" ind1=" " ind2=" ">
<subfield code="b">Faculdade de Medicina, Universidade de São Paulo</subfield>
</datafield>
<dataField tag="260" ind1=" " ind2=" ">
<subfield code="c">2014-03-09 00:00:00</subfield>
</dataField>   <datafield tag="856" ind1=" " ind2=" ">
<subfield code="q">application/pdf</subfield>
</datafield>
<datafield tag="856" ind1=" " ind2=" ">
<subfield code="q">application/pdf</subfield>
</datafield>
<datafield tag="856" ind1="4" ind2="0">
<subfield code="u">https://www.revistas.usp.br/actafisiatrica/article/view/103819</subfield>
</datafield>  <datafield tag="786" ind1="0" ind2=" ">
<subfield code="n">Acta Fisiátrica; v. 21 n. 1 (2014)</subfield>
</datafield>  <datafield tag="546" ind1=" " ind2=" ">
<subfield code="a">eng</subfield>
</datafield>   <datafield tag="540" ind1=" " ind2=" ">
<subfield code="a">Copyright (c) 2014 Acta Fisiátrica</subfield>
</datafield>
</record>
</metadata>
</record>