
<record>
<header>
<identifier>oai:revistas.usp.br:article/103820</identifier>
<datestamp>2019-09-25T19:33:10Z</datestamp>
<setSpec>actafisiatrica:Art.+Orig.</setSpec>
<setSpec>driver</setSpec>
</header>
<metadata>
<record xmlns="http://www.loc.gov/MARC21/slim" xmlns:xsi="http://www.w3.org/2001/XMLSchema-instance" xsi:schemaLocation="http://www.loc.gov/MARC21/slim http://www.loc.gov/standards/marcxml/schema/MARC21slim.xsd">
<leader>     nmb a2200000Iu 4500</leader>
<controlfield tag="008">"140309 2014                        eng  "</controlfield>
<datafield tag="022" ind1="#" ind2="#">
<subfield code="$a">2317-0190</subfield>
</datafield>
<datafield tag="022" ind1="#" ind2="#">
<subfield code="$a">0104-7795</subfield>
</datafield>
<datafield tag="042" ind1=" " ind2=" ">
<subfield code="a">dc</subfield>
</datafield>
<datafield tag="245" ind1="0" ind2="0">
<subfield code="a">Análise da ativação neuromuscular do vasto medial oblíquo e vasto lateral com o uso da bandagem funcional</subfield>
</datafield>  <datafield tag="720" ind1="1" ind2=" ">
<subfield code="a">Capote, Andrielle Elaine</subfield>
<subfield code="u">Universidade Federal do Paraná</subfield></datafield>
<datafield tag="720" ind1="1" ind2=" ">
<subfield code="a">Knaut, Sibele de Andrade Melo</subfield>
<subfield code="u">Universidade Estadual do Centro-Oeste</subfield></datafield>
<datafield tag="720" ind1="1" ind2=" ">
<subfield code="a">Magnani, Rina Márcia</subfield>
<subfield code="u">Universidade Estadual de Goiás</subfield></datafield>
<datafield tag="720" ind1="1" ind2=" ">
<subfield code="a">Fernande, Walkyria Vilas Boas</subfield>
<subfield code="u">Centro de Ensino Superior dos Campos Gerais</subfield></datafield>
<datafield tag="720" ind1="1" ind2=" ">
<subfield code="a">Carneiro, Lyonn Jean</subfield>
<subfield code="u">Universidade Estadual do Centro-Oeste</subfield></datafield>
<datafield tag="720" ind1="1" ind2=" ">
<subfield code="a">Takemoto, Miriam Hatsue</subfield>
<subfield code="u">Universidade Estadual do Centro-Oeste</subfield></datafield>
<datafield tag="520" ind1=" " ind2=" ">
<subfield code="a"> Muscular and anatomical changes are mostly responsible for patella femoral syndrome (PFPS). Knowing that the quadriceps muscles are very important to stabilize the patella, studies have questioned the influence of the Vastus Medialis Oblique (VMO) in the patellar stabilization avoiding the PFPS. Many researchers have investigated the use of taping as a means of muscle activation. Objective: The present study aimed to analyze the use of functional taping to activate the VMO during the squat exercise. Method: The activity of the VMO and Vastus Lateralis (VL) was assessed by electromyography during squats and squats with adduction using functional taping. The sample composed for 39 individuals was divided into four groups: sedentary males and athletes, and females also divided into sedentary and athletes. Results: Although it has been found greater activation of VMO in comparison with the VL, with the applied methodology and variables, we could not demonstrate a statistical difference between groups in squats with and without the use of functional taping. However, it is important to emphasize that the lack of difference in the activation of VMO during squats with adduction and tapping suggest a positive effect of the tapping in muscle activation. This result is very important in the treatment of acute injuries where active movement is limited. Conclusion: Future studies should be done with other electromyography parameters and reflex activation in order to investigate the actual role of functional taping on muscle activation. </subfield>
</datafield>
<datafield tag="260" ind1=" " ind2=" ">
<subfield code="b">Faculdade de Medicina, Universidade de São Paulo</subfield>
</datafield>
<dataField tag="260" ind1=" " ind2=" ">
<subfield code="c">2014-03-09 00:00:00</subfield>
</dataField>   <datafield tag="856" ind1=" " ind2=" ">
<subfield code="q">application/pdf</subfield>
</datafield>
<datafield tag="856" ind1=" " ind2=" ">
<subfield code="q">application/pdf</subfield>
</datafield>
<datafield tag="856" ind1="4" ind2="0">
<subfield code="u">https://www.revistas.usp.br/actafisiatrica/article/view/103820</subfield>
</datafield>  <datafield tag="786" ind1="0" ind2=" ">
<subfield code="n">Acta Fisiátrica; v. 21 n. 1 (2014)</subfield>
</datafield>  <datafield tag="546" ind1=" " ind2=" ">
<subfield code="a">eng</subfield>
</datafield>   <datafield tag="540" ind1=" " ind2=" ">
<subfield code="a">Copyright (c) 2014 Acta Fisiátrica</subfield>
</datafield>
</record>
</metadata>
</record>