
<record>
<header>
<identifier>oai:revistas.usp.br:article/103821</identifier>
<datestamp>2019-09-26T11:57:45Z</datestamp>
<setSpec>actafisiatrica:Art.+Orig.</setSpec>
<setSpec>driver</setSpec>
</header>
<metadata>
<record xmlns="http://www.loc.gov/MARC21/slim" xmlns:xsi="http://www.w3.org/2001/XMLSchema-instance" xsi:schemaLocation="http://www.loc.gov/MARC21/slim http://www.loc.gov/standards/marcxml/schema/MARC21slim.xsd">
<leader>     nmb a2200000Iu 4500</leader>
<controlfield tag="008">"140309 2014                        eng  "</controlfield>
<datafield tag="022" ind1="#" ind2="#">
<subfield code="$a">2317-0190</subfield>
</datafield>
<datafield tag="022" ind1="#" ind2="#">
<subfield code="$a">0104-7795</subfield>
</datafield>
<datafield tag="042" ind1=" " ind2=" ">
<subfield code="a">dc</subfield>
</datafield>
<datafield tag="245" ind1="0" ind2="0">
<subfield code="a">Avaliação da função motora grossa pela GMFM pré e pós cirurgia ortopédica de membros inferiores em pacientes com paralisia cerebral</subfield>
</datafield>  <datafield tag="720" ind1="1" ind2=" ">
<subfield code="a">Gomes, Caio Ribeiro Azevedo</subfield>
<subfield code="u">Universidade Federal de São Paulo</subfield></datafield>
<datafield tag="720" ind1="1" ind2=" ">
<subfield code="a">Araújo, Isolda Ferreira de</subfield>
<subfield code="u">Associação de Assistência à Criança Deficiente</subfield></datafield>
<datafield tag="720" ind1="1" ind2=" ">
<subfield code="a">Maciel, Simone Carazzato</subfield>
<subfield code="u">Associação de Assistência à Criança Deficiente</subfield></datafield>
<datafield tag="520" ind1=" " ind2=" ">
<subfield code="a"> Orthopedic surgery is often used to improve the gait of ambulatory patients with cerebral palsy. The objectives may change, given the motor severity, however, an improve in the patient’s mobility can be achieved through surgical procedures of the lower extremity. The Gross Motor Function Measure (GMFM) is a measure of gross motor function, used to evaluate therapeutic choices, rehabilitation progress and in our institution, to evaluate, orthopedic surgeries. Objective: The main goal of this study was to evaluate orthopedic surgeries performed in children with cerebral palsy, through comparison of the GMFM’s score pre and post procedure. Method: We included in this study, patients with great limitation in mobility function but potential to improve (Levels III and IV of the Gross Motor Function Classification System), that underwent surgical procedures between January 2010 and December 2012, achieving a total of 36 subjects. Results: There was no statistically significant change between the measures, except for the C domain (crawling and kneeling), that presented a lower post-surgical procedure score. Age, time of follow up, the surgery’s characteristic, and, most of all, the instrument used, which in our case was the GMFM, were pointed as possible difficulties in measuring objectively the results of lower extremity surgery in children with cerebral palsy. Conclusion: A larger sample of subjects evaluated through a more appropriate instrument is still necessary to acknowledge the real effects of orthopedic surgery of lower extremity in patients with cerebral palsy. </subfield>
</datafield>
<datafield tag="260" ind1=" " ind2=" ">
<subfield code="b">Faculdade de Medicina, Universidade de São Paulo</subfield>
</datafield>
<dataField tag="260" ind1=" " ind2=" ">
<subfield code="c">2014-03-09 00:00:00</subfield>
</dataField>   <datafield tag="856" ind1=" " ind2=" ">
<subfield code="q">application/pdf</subfield>
</datafield>
<datafield tag="856" ind1=" " ind2=" ">
<subfield code="q">application/pdf</subfield>
</datafield>
<datafield tag="856" ind1="4" ind2="0">
<subfield code="u">https://www.revistas.usp.br/actafisiatrica/article/view/103821</subfield>
</datafield>  <datafield tag="786" ind1="0" ind2=" ">
<subfield code="n">Acta Fisiátrica; v. 21 n. 1 (2014)</subfield>
</datafield>  <datafield tag="546" ind1=" " ind2=" ">
<subfield code="a">eng</subfield>
</datafield>   <datafield tag="540" ind1=" " ind2=" ">
<subfield code="a">Copyright (c) 2014 Acta Fisiátrica</subfield>
</datafield>
</record>
</metadata>
</record>