
<record>
<header>
<identifier>oai:revistas.usp.br:article/103823</identifier>
<datestamp>2019-09-26T12:09:56Z</datestamp>
<setSpec>actafisiatrica:Art.+Orig.</setSpec>
<setSpec>driver</setSpec>
</header>
<metadata>
<record xmlns="http://www.loc.gov/MARC21/slim" xmlns:xsi="http://www.w3.org/2001/XMLSchema-instance" xsi:schemaLocation="http://www.loc.gov/MARC21/slim http://www.loc.gov/standards/marcxml/schema/MARC21slim.xsd">
<leader>     nmb a2200000Iu 4500</leader>
<controlfield tag="008">"140309 2014                        eng  "</controlfield>
<datafield tag="022" ind1="#" ind2="#">
<subfield code="$a">2317-0190</subfield>
</datafield>
<datafield tag="022" ind1="#" ind2="#">
<subfield code="$a">0104-7795</subfield>
</datafield>
<datafield tag="042" ind1=" " ind2=" ">
<subfield code="a">dc</subfield>
</datafield>
<datafield tag="245" ind1="0" ind2="0">
<subfield code="a">Reabilitação física na síndrome de fragilidade do idoso</subfield>
</datafield>  <datafield tag="720" ind1="1" ind2=" ">
<subfield code="a">Ferreira, Milene Silva</subfield>
<subfield code="u">Hospital Israelita Albert Einstein/Unidade Vila Mariana</subfield></datafield>
<datafield tag="720" ind1="1" ind2=" ">
<subfield code="a">Sonoda, Lilian Tiemi</subfield>
<subfield code="u">Hospital Israelita Albert Einstein</subfield></datafield>
<datafield tag="720" ind1="1" ind2=" ">
<subfield code="a">Barbosa, Sandra Alves</subfield>
<subfield code="u">Hospital Israelita Albert Einstein</subfield></datafield>
<datafield tag="720" ind1="1" ind2=" ">
<subfield code="a">Franco, Fabio Gazelato de Mello</subfield>
<subfield code="u">Hospital Israelita Albert Einstein/Unidade Vila Mariana</subfield></datafield>
<datafield tag="720" ind1="1" ind2=" ">
<subfield code="a">Carvalho, José Antônio Maluf de</subfield>
<subfield code="u">Hospital Israelita Albert Einstein/Unidade Vila Mariana</subfield></datafield>
<datafield tag="520" ind1=" " ind2=" ">
<subfield code="a"> Frail elderly are those who have intrinsic vulnerability to develop disabilities and adverse events related to health. The prevalence of frailty increases with age. The American Medical Association estimates that 40% of those over 80 years old are fragile. Objective: To demonstrate the results obtained with the rehabilitation protocol for the frailty syndrome at Vila Mariana Geriatric Outpatient Unit of the Israelita Albert Einstein Hospital. Method: Series of cases study, descriptive and retrospective of 12 elderly who have accomplish the physical rehabilitation program at Vila Mariana geriatric outpatient unit in the Israelita Albert Einstein Hospital. Results: The average age was 77 years, 75% of the participants were female with an average of 7,5 diagnoses. There was improvement in all areas evaluated: balance (p = 0.02), gait speed (p &lt; 0.01), lower limb strength (p &lt; 0.01) and grip strength (p &lt; 0.01). Those who aged 80 or more showed improvement of 83% while those with less than 80 years old, showed an improvement of 41%. It was found that 8 of 10 seniors who met on the track at high risk for disability, hospitalization and death (SPPB equal or less than 9) was able to leave the risk range. It was showed improvement in at least one domain. No deterioration or complication was observed. Conclusion: The rehabilitation protocol for the frailty syndrome that was used at Vila Mariana geriatric outpatient unit was able to improve the balance, gait speed, lower limb strength and grip strength in the population studied. </subfield>
</datafield>
<datafield tag="260" ind1=" " ind2=" ">
<subfield code="b">Faculdade de Medicina, Universidade de São Paulo</subfield>
</datafield>
<dataField tag="260" ind1=" " ind2=" ">
<subfield code="c">2014-03-09 00:00:00</subfield>
</dataField>   <datafield tag="856" ind1=" " ind2=" ">
<subfield code="q">application/pdf</subfield>
</datafield>
<datafield tag="856" ind1=" " ind2=" ">
<subfield code="q">application/pdf</subfield>
</datafield>
<datafield tag="856" ind1="4" ind2="0">
<subfield code="u">https://www.revistas.usp.br/actafisiatrica/article/view/103823</subfield>
</datafield>  <datafield tag="786" ind1="0" ind2=" ">
<subfield code="n">Acta Fisiátrica; v. 21 n. 1 (2014)</subfield>
</datafield>  <datafield tag="546" ind1=" " ind2=" ">
<subfield code="a">eng</subfield>
</datafield>   <datafield tag="540" ind1=" " ind2=" ">
<subfield code="a">Copyright (c) 2014 Acta Fisiátrica</subfield>
</datafield>
</record>
</metadata>
</record>