
<record>
<header>
<identifier>oai:revistas.usp.br:article/103824</identifier>
<datestamp>2019-09-26T12:56:21Z</datestamp>
<setSpec>actafisiatrica:Art.+Orig.</setSpec>
<setSpec>driver</setSpec>
</header>
<metadata>
<record xmlns="http://www.loc.gov/MARC21/slim" xmlns:xsi="http://www.w3.org/2001/XMLSchema-instance" xsi:schemaLocation="http://www.loc.gov/MARC21/slim http://www.loc.gov/standards/marcxml/schema/MARC21slim.xsd">
<leader>     nmb a2200000Iu 4500</leader>
<controlfield tag="008">"140309 2014                        eng  "</controlfield>
<datafield tag="022" ind1="#" ind2="#">
<subfield code="$a">2317-0190</subfield>
</datafield>
<datafield tag="022" ind1="#" ind2="#">
<subfield code="$a">0104-7795</subfield>
</datafield>
<datafield tag="042" ind1=" " ind2=" ">
<subfield code="a">dc</subfield>
</datafield>
<datafield tag="245" ind1="0" ind2="0">
<subfield code="a">Fatores que podem influenciar na saúde gengival de crianças com paralisia cerebral</subfield>
</datafield>  <datafield tag="720" ind1="1" ind2=" ">
<subfield code="a">Silva, Taciana Mara Couto</subfield>
<subfield code="u">Associação de Assistência à Criança Deficiente</subfield></datafield>
<datafield tag="720" ind1="1" ind2=" ">
<subfield code="a">Paula, Caroline Pequeño de</subfield>
<subfield code="u">Associação de Assistência à Criança Deficiente</subfield></datafield>
<datafield tag="720" ind1="1" ind2=" ">
<subfield code="a">Coelho, Dorothy de Souza Alves Moura</subfield>
<subfield code="u">Associação de Assistência à Criança Deficiente</subfield></datafield>
<datafield tag="720" ind1="1" ind2=" ">
<subfield code="a">Tapia, Letícia Cardoso</subfield>
<subfield code="u">Associação de Assistência à Criança Deficiente</subfield></datafield>
<datafield tag="720" ind1="1" ind2=" ">
<subfield code="a">Pereira, Rosangela Aparecida</subfield>
<subfield code="u">Associação de Assistência à Criança Deficiente</subfield></datafield>
<datafield tag="720" ind1="1" ind2=" ">
<subfield code="a">Costa, Regina Celia Villa</subfield>
<subfield code="u">Associação de Assistência à Criança Deficiente</subfield></datafield>
<datafield tag="720" ind1="1" ind2=" ">
<subfield code="a">Tessicini, Giuliana</subfield>
<subfield code="u">Associação de Assistência à Criança Deficiente</subfield></datafield>
<datafield tag="720" ind1="1" ind2=" ">
<subfield code="a">Conde, Marcela de Oliveira</subfield>
<subfield code="u">Associação de Assistência à Criança Deficiente</subfield></datafield>
<datafield tag="720" ind1="1" ind2=" ">
<subfield code="a">Bittar, Daniela Pimenta</subfield>
<subfield code="u">Associação de Assistência à Criança Deficiente</subfield></datafield>
<datafield tag="720" ind1="1" ind2=" ">
<subfield code="a">Jimenez, Louise</subfield>
<subfield code="u">Associação de Assistência à Criança Deficiente</subfield></datafield>
<datafield tag="720" ind1="1" ind2=" ">
<subfield code="a">Chamlian, Therezinha Rosane</subfield>
<subfield code="u">Associação de Assistência à Criança Deficiente</subfield></datafield>
<datafield tag="720" ind1="1" ind2=" ">
<subfield code="a">Santos, Maria Teresa Botti Rodrigues</subfield>
<subfield code="u">Associação de Assistência à Criança Deficiente</subfield></datafield>
<datafield tag="520" ind1=" " ind2=" ">
<subfield code="a"> Studies have shown that the greater the severity of neurological damage in children with cerebral palsy (CP), the greater risk of oral disease. Objective: To evaluate the influence of some factors as intellectual disability, oral sensitivity, manual ability and clinical patterns of cerebral palsy (CP) onto gingival health of CP children. Method: One hundred and six children (10.7 ± 3.6) with CP participated of the study. Descriptive data and continuous use of drugs were collected from their medical records. Clinical assessments included the Simplified Oral Hygiene Index (SOHI), the Gingival Index (GI) and the biting reflex. Were also evaluate oral sensitivity, intellectual assessment by Raven test, and manual dexterity by Manual Ability Classification System Manual (MACS). It was used the chi-square, t Student, and logistic regression tests whit a significance level of 5%. Results: Group 1 (G1) consisted of 47 children without and group 2 (G2) by 59 children with gingivitis. Groups were similar regarding gender (p = 0566), but G2 were significantly older (p = 0.001), with quadriplegia (p = 0.016), who used drugs (p &lt; 0.001) and biting reflex (p = 0.025). G2 children presented significantly higher values for SOHI (p &lt; 0.001) and IG (p &lt; 0.001). Significantly higher percentages of children in G2 presented percentiles below 10 (p = 0.036) for Raven test, with manual skill levels IV and V (p = 0.002) of MACS. The chance of a child present gingivitis grows 23.5% for each year of age, and up to 5 times for every 1 unit increase in SOHI. The use of medication increases the chance of children present gingivitis by about 4.5 times. Conclusion: Increasing age, accumulation of biofilm, and use of drugs increase the risk of gingivitis in children with CP. </subfield>
</datafield>
<datafield tag="260" ind1=" " ind2=" ">
<subfield code="b">Faculdade de Medicina, Universidade de São Paulo</subfield>
</datafield>
<dataField tag="260" ind1=" " ind2=" ">
<subfield code="c">2014-03-09 00:00:00</subfield>
</dataField>   <datafield tag="856" ind1=" " ind2=" ">
<subfield code="q">application/pdf</subfield>
</datafield>
<datafield tag="856" ind1=" " ind2=" ">
<subfield code="q">application/pdf</subfield>
</datafield>
<datafield tag="856" ind1="4" ind2="0">
<subfield code="u">https://www.revistas.usp.br/actafisiatrica/article/view/103824</subfield>
</datafield>  <datafield tag="786" ind1="0" ind2=" ">
<subfield code="n">Acta Fisiátrica; v. 21 n. 1 (2014)</subfield>
</datafield>  <datafield tag="546" ind1=" " ind2=" ">
<subfield code="a">eng</subfield>
</datafield>   <datafield tag="540" ind1=" " ind2=" ">
<subfield code="a">Copyright (c) 2014 Acta Fisiátrica</subfield>
</datafield>
</record>
</metadata>
</record>