
<record>
<header>
<identifier>oai:revistas.usp.br:article/103825</identifier>
<datestamp>2019-09-26T13:01:55Z</datestamp>
<setSpec>actafisiatrica:Art.+Orig.</setSpec>
<setSpec>driver</setSpec>
</header>
<metadata>
<record xmlns="http://www.loc.gov/MARC21/slim" xmlns:xsi="http://www.w3.org/2001/XMLSchema-instance" xsi:schemaLocation="http://www.loc.gov/MARC21/slim http://www.loc.gov/standards/marcxml/schema/MARC21slim.xsd">
<leader>     nmb a2200000Iu 4500</leader>
<controlfield tag="008">"140309 2014                        eng  "</controlfield>
<datafield tag="022" ind1="#" ind2="#">
<subfield code="$a">2317-0190</subfield>
</datafield>
<datafield tag="022" ind1="#" ind2="#">
<subfield code="$a">0104-7795</subfield>
</datafield>
<datafield tag="042" ind1=" " ind2=" ">
<subfield code="a">dc</subfield>
</datafield>
<datafield tag="245" ind1="0" ind2="0">
<subfield code="a">Alterações dos parâmetros da marcha e déficit sensório-motor associado à neuropatia diabética periférica</subfield>
</datafield>  <datafield tag="720" ind1="1" ind2=" ">
<subfield code="a">Martinelli, Alessandra Rezende</subfield>
<subfield code="u">Universidade Estadual Paulista - UNESP/Campus de Presidente Prudente</subfield></datafield>
<datafield tag="720" ind1="1" ind2=" ">
<subfield code="a">Mantovani, Alessandra Madia</subfield>
<subfield code="u">Universidade Estadual Paulista - UNESP/Campus Rio Claro</subfield></datafield>
<datafield tag="720" ind1="1" ind2=" ">
<subfield code="a">Nozabieli, Andrea Jeanne Lourenço</subfield>
<subfield code="u">Universidade Estadual Paulista - UNESP/Campus de Presidente Prudente</subfield></datafield>
<datafield tag="720" ind1="1" ind2=" ">
<subfield code="a">Ferreira, Dalva Minonroze Albuquerque</subfield>
<subfield code="u">Universidade Estadual Paulista - UNESP/Campus de Presidente Prudente</subfield></datafield>
<datafield tag="720" ind1="1" ind2=" ">
<subfield code="a">Fregonesi, Cristina Elena Prado Teles</subfield>
<subfield code="u">Universidade Estadual Paulista - UNESP/Campus de Presidente Prudente</subfield><subfield code="0">https://orcid.org/0000-0003-0395-0899</subfield></datafield>
<datafield tag="520" ind1=" " ind2=" ">
<subfield code="a"> Peripheral nervous system impairment with sensory and motor loss, as observed in diabetic neuropathy, might induce severe effects on balance control and gait in this population. Objective: To evaluation the performance of the gait and the sensory-motors changes, due of the peripheral diabetic neuropathy (PDN). Method: Participated twenty four individuals with PDN and twenty eight healthy individuals without glycemic alterations indicative of diabetes. Participants were subjected to confirm the clinical diagnosis of diabetic neuropathy through the tactile sensitivity of the soles of the feet with monofilament test. Subsequently, ankle angular variation in static condition and during the gait was investigated through kinematics. The ankle muscle strength was investigated using a digital dynamometer. Results: Diabetic neuropathy group showed greater duration in double support and full support periods of gait than control group with impairment in balance control. Diabetic neuropathy group showed reduces muscle strength of plantiflexors and dorsiflexors. Conclusion: The losses sensory-motors deriving from PDN may imply in impairment in gait performance, with consequent loss of balance. </subfield>
</datafield>
<datafield tag="260" ind1=" " ind2=" ">
<subfield code="b">Faculdade de Medicina, Universidade de São Paulo</subfield>
</datafield>
<dataField tag="260" ind1=" " ind2=" ">
<subfield code="c">2014-03-09 00:00:00</subfield>
</dataField>   <datafield tag="856" ind1=" " ind2=" ">
<subfield code="q">application/pdf</subfield>
</datafield>
<datafield tag="856" ind1=" " ind2=" ">
<subfield code="q">application/pdf</subfield>
</datafield>
<datafield tag="856" ind1="4" ind2="0">
<subfield code="u">https://www.revistas.usp.br/actafisiatrica/article/view/103825</subfield>
</datafield>  <datafield tag="786" ind1="0" ind2=" ">
<subfield code="n">Acta Fisiátrica; v. 21 n. 1 (2014)</subfield>
</datafield>  <datafield tag="546" ind1=" " ind2=" ">
<subfield code="a">eng</subfield>
</datafield>   <datafield tag="540" ind1=" " ind2=" ">
<subfield code="a">Copyright (c) 2014 Acta Fisiátrica</subfield>
</datafield>
</record>
</metadata>
</record>
<resumptionToken expirationDate="2023-08-08T14:50:15Z" completeListSize="935" cursor="475">5636f7d13941c34507121462ac459b5f</resumptionToken>
</ListRecords>
</OAI-PMH> 